ISA*00*          *00*          *01*               *01*605647775      *980702*1709*U*00410*000000002*0*P*@
  GS*RA*CUSTID0001*605647775*20030101*1530*0001*X*004010
    ST*820*000000001
      BPR*C*10000*C*ACH*CTX*01*xxxx*xx*xxxx*CUSTID0001*xxxx*01*053207766*DA*320704026*20030101 
      TRN*1*0001* CUSTID0001 
      REF*TN*0001
      DTM*007*20030101*1200*ET    
      N1*PR*CUSTOMER NAME*01
      N1*PE*SCANA*01*605647775
      ENT*1 
        RMR*12*5189800007544*PO*5000 
          REF*12*5189800007544 
          DTM*814*20030101 
    SE*12*000000001 
  GE*1*0001 
IEA*1* 000000002