ISA*00*          *00*          *08*9251750000     *XX*XXXXXXXXXX     *051018*1820*U*00401*000025029*0*P*>~
  GS*RA*8019721193*XXXXXXXXXX*20051018*1820*106*X*004010~
    ST*820*00106001~
      BPR*I*416093.15*C*ACH*CTX*01*053000219*DA*2000014804300*9991000700**01*XXXXXXXXX*DA*XXXXXXXXXX*20051020*VEN~
      TRN*1*4311000190~
      DTM*020*20051019~
      N1*PR*Safeway - U. S. Corporate*9*0091372090000~
      N1*PE*Safeway Supplier Name*92*  2397~
      ENT*1*PR*9*0091372090500~
        ADX*-13676.81*ZZ*CM*WSO_144324_05~
          REF*CM* WSO_144324_05~
            DTM*003*20050927~
        ADX*-18200*ZZ*CM*WSO_144343_05~
          REF*CM*WSO_144343_05~
            DTM*003*20050927~
        RMR*IV*6092392*PI*20430.34*20851.11*420.77~
          REF*PO*999999999~
          DTM*003*20050923~
      ENT*2*PR*9*0091372091700~
        ADX*-892.8*ZZ*CM*P7159010-17~
          REF*UQ*302 -MEALS/INGREDIENTS~
          REF*CM*P7159010-17~
            DTM*003*20051017~
        RMR*IV*6093694*PI*20888.5*21318.71*430.21~
          REF*PO*888888888~
          DTM*003*20050926~
        RMR*IV*6093695*PI*99701.8*101757.74*2055.94~
          REF*PO*777777777~
          DTM*003*20050926~
        RMR*IV*6093696*PI*17380.29*17738.82*358.53~
          REF*PO*666666666~
          DTM*003*20050926~
      ENT*3*PR*9*0091372092000~
        ADX*210*ZZ*DB*P7817948-20~
          REF*UQ*323 -REFRIGERATED FOODS~
          REF* DB*P7817948-20~
            DTM*003*20051017~
      ENT*4*PR*9*0091372092500~
        RMR*IV*P7340039-25PB*PI*4153*4153~
          REF*PO*555555555~
          DTM*003*20050914~
      ENT*5*PR*9*0091372092700~
        RMR*IV*6093692*PI*286308.83*292210.59*5901.76~
          REF*PO*555555555~
          DTM*003*20050926~
    SE*44*00106001~
  GE*1*106~
IEA*1*000025029~