ISA*00*          *00*          *ZZ*MMISNEBR       *ZZ*WWWWW          *120130*1637*^*00501*000000031*0*P*>~
  GS*HP*MMISNEBR*WWWWW*20120130*163745*8*X*005010X221A1~
    ST*835*8001~
      BPR*I*999.99*C*ACH*CTX*01*999999999*DA*999999999999*9999999999**01*999999999*DA*999999999*20120201~
      TRN*1*999999999*9999999999~
      DTM*405*20120128~
      N1*PR*XXXXXXXX XXXXXXXX~
      N3*X.X. XXX 99999~
      N4*XXXXXXX*NE*999999999~
      PER*CX*XXXXXXXX XXXXXXX XXXX*TE*9999999999*TE*9999999999~
      PER*BL*XXXXXXXX XXX XXXX XXXX*TE*9999999999*TE*9999999999*EM*XXXX.XXXXXXXXXXX@XXXXXXXX.XXX~
      PER*IC**UR*XXX.XXXX.XX.XXX/XXXXXXXX~
      N1*PE*XXX,XXXXXXXX*XX*9999999999~
      N3*999X X XXXXXXX XXX~
      N4*XXXXXXXX*NE*999999999~
      REF*TJ*999999999~
      LX*1~
      CLP*9999999999-999*4*999.99*0*0*MC*99999999999*11*1***0~
      NM1*QC*1*DAK*XXXXXXX****MR*99999999999~
      NM1*74*1*DAK*XXXXXXX*N~
      DTM*050*20120127~
      DTM*232*20120116~
      DTM*233*20120116~
      SVC*XX>99999*999.99*0**9.999~
      DTM*472*20120116~
      CAS*CO*24*999.99*0~
      REF*6R*999X999999999999999999~
      LQ*HE*N1~
      SVC*HC>90716*99.99*0**9.999~
      DTM*472*20120116~
      CAS*CO*24*99.99*0~
      REF*6R*999X999999999999999999~
      LQ*HE*N1~
      CLP*9999999999-999*4*999.99*0*0*MC*99999999999*11*1***0~
      NM1*QC*1*DAK*XXXXXXX****MR*99999999999~
      NM1*74*1*DAK*XXXXXXX*N~
      DTM*050*20120127~
      DTM*232*20120116~
      DTM*233*20120116~
      SVC*XX>99999*999.99*0**9.999~
      DTM*472*20120116~
      CAS*CO*24*999.99*0~
      REF*6R*999X999999999999999999~
      LQ*HE*N1~
      SVC*HC>90716*99.99*0**9.999~
      DTM*472*20120116~
      CAS*CO*24*99.99*0~
      REF*6R*999X999999999999999999~
      LQ*HE*N1~
      CLP*XXXXXX9999*4*999.99*0*0*MC*99999999999**1***0~
      NM1*QC*1*XXXXXXXXX*XXXXXXX*E***MR*99999999999~
      DTM*050*20111230~
      DTM*232*20111223~
      DTM*233*20111223~
      SVC*XX>99999>XX*999.99*0**9.999~
      DTM*472*20111223~
      CAS*CO*24*999.99*0~
      LQ*HE*N1~
      SVC*XX>99999*99.99*0**9.999~
      DTM*472*20111223~
      CAS*CO*204*99.99*0~
      LQ*HE*N1~
      SVC*XX>99999*99.99*0**9.999~
      DTM*472*20111223~
      CAS*CO*24*99.99*0~
      LQ*HE*N1~
      SVC*XX>99999*99.99*0**9.999~
      DTM*472*20111223~
      CAS*CO*24*99.99*0~
      LQ*HE*N1~
      SVC*XX>99999*99.99*0**9.999~
      DTM*472*20111223~
      CAS*CO*24*99.99*0~
      LQ*HE*N1~
      CLP*XXXXXX9999*4*999.99*0*0*MC*99999999999**1***0~
      NM1*QC*1*XXXXXXXXXX*XXXXX*A***MR*99999999999~
      DTM*050*20111227~
      DTM*232*20111216~
      DTM*233*20111216~
      SVC*XX>99999>XX*999.99*0**9.999~
      DTM*472*20111216~
      CAS*CO*24*999.99*0~
      LQ*HE*N1~
      SVC*XX>99999*99.99*0**9.999~
      DTM*472*20111216~
      CAS*CO*24*99.99*0~
      LQ*HE*N1~
      SVC*XX>99999*99.99*0**9.999~
      DTM*472*20111216~
      CAS*CO*24*99.99*0~
      LQ*HE*N1~
      SVC*XX>99999*99.99*0**9.999~
      DTM*472*20111216~
      CAS*CO*24*99.99*0~
      LQ*HE*N1~
      CLP*9999999999-999*4*999.99*0*0*MC*99999999999*11*1***0~
      NM1*QC*1*XXXXXX*XXXX****MR*99999999999~
      NM1*74*1*XXXXXX*XXXX*M~
      DTM*050*20120127~
      DTM*232*20120109~
      DTM*233*20120109~
      SVC*XX>99999*999.99*0**9.999~
      DTM*472*20120109~
      CAS*CO*24*999.99*0~
      REF*6R*999X999999999999999999~
      LQ*HE*N1~
      CLP*9999999999-999*4*999.99*0*0*MC*99999999999*11*1***0~
      NM1*QC*1*XXXXXX*XXXXXXX****MR*99999999999~
      NM1*74*1*XXXXXX*XXXXX*J~
      DTM*050*20120127~
      DTM*232*20120118~
      DTM*233*20120118~
      SVC*XX>99999*999.99*0**9.999~
      DTM*472*20120118~
      CAS*CO*24*999.99*0~
      REF*6R*999X999999999999999999~
      LQ*HE*N1~
      SVC*XX>99999*99.99*0**9.999~
      DTM*472*20120118~
      CAS*CO*24*99.99*0~
      REF*6R*999X999999999999999999~
      LQ*HE*N1~
      CLP*9999999999-999*4*999.99*0*0*MC*99999999999*11*1***0~
      NM1*QC*1*XXXXXX*XXXXX****MR*99999999999~
      NM1*74*1*XXXXXX*XXXXX*J~
      DTM*050*20120127~
      DTM*232*20120118~
      DTM*233*20120118~
      SVC*XX>99999*999.99*0**9.999~
      DTM*472*20120118~
      CAS*CO*24*999.99*0~
      REF*6R*999X999999999999999999~
      LQ*HE*N1~
      SVC*XX>99999*99.99*0**9.999~
      DTM*472*20120118~
      CAS*CO*24*99.99*0~
      REF*6R*999X999999999999999999~
      LQ*HE*N1~
      CLP*9999999999-999*1*999.99*99.99*0*MC*99999999999*11*1***0~
      NM1*QC*1*XXXXXXXXXXX*XXXX****MR*99999999999~
      NM1*74*1*XXXXXXXXXXX*XXXX*A~
      DTM*050*20120127~
      DTM*232*20120106~
      DTM*233*20120106~
      SVC*XX>99999*999.99*99.99**9.999~
      DTM*472*20120106~
      CAS*CO*45*999.99*0~
      REF*6R*999X999999999999999999~
      LQ*HE*N1~
      CLP*XXXXXX9999*1*999.99*99.99*0*MC*99999999999**1***0~
      NM1*QC*1*XXXXXXXXXXX*XXXX*A***MR*99999999999~
      DTM*050*20111230~
      DTM*232*20111223~
      DTM*233*20111223~
      SVC*XX>99999*999.99*99.99**9.999~
      DTM*472*20111223~
      CAS*CO*45*999.99*0~
      LQ*HE*N1~
      CLP*9999999999-999*4*999.99*0*0*MC*99999999999*11*1***0~
      NM1*QC*1*XXXXX-XXXXXXXXX*XXXXXXX****MR*99999999999~
      NM1*74*1*XXXXX XXXXXXXXX*XXXXXXX*M~
      DTM*050*20120127~
      DTM*232*20120118~
      DTM*233*20120118~
      SVC*XX>99999*999.99*0**9.999~
      DTM*472*20120118~
      CAS*CO*24*999.99*0~
      REF*6R*999X999999999999999999~
      LQ*HE*N1~
      SVC*XX>99999*99.99*0**9.999~
      DTM*472*20120118~
      CAS*CO*24*99.99*0~
      REF*6R*999X999999999999999999~
      LQ*HE*N1~
      CLP*XXXXXX9999*4*99.99*0*0*MC*99999999999**1***0~
      NM1*QC*1*XXXXXX*XX XXXXXX*C***MR*99999999999~
      DTM*050*20111227~
      DTM*232*20111216~
      DTM*233*20111216~
      SVC*XX>99999>99*99.99*0**9.999~
      DTM*472*20111216~
      CAS*CO*24*99.99*0~
      LQ*HE*N1~
      SVC*XX>99999>XX*99.99*0**9.999~
      DTM*472*20111216~
      CAS*CO*24*99.99*0~
      LQ*HE*N1~
      CLP*9999999999-999*4*999.99*0*0*MC*99999999999*11*1***0~
      NM1*QC*1*XXXXX*XXXX*N***MR*99999999999~
      NM1*74*1*XXXXX*XXXX~
      DTM*050*20120127~
      DTM*232*20120111~
      DTM*233*20120111~
      SVC*XX>99999*999.99*0**9.999~
      DTM*472*20120111~
      CAS*CO*24*999.99*0~
      REF*6R*999X999999999999999999~
      LQ*HE*N1~
      SVC*XX>99999*99.99*0**9.999~
      DTM*472*20120111~
      CAS*CO*24*99.99*0~
      REF*6R*999X999999999999999999~
      LQ*HE*N1~
      CLP*XXXXXX9999*1*999.99*99.99*0*MC*99999999999**1***0~
      NM1*QC*1*XXXXXXX*XXXXXXXX*N***MR*99999999999~
      DTM*050*20111230~
      DTM*232*20111223~
      DTM*233*20111223~
      SVC*XX>99999*999.99*99.99**9.999~
      DTM*472*20111223~
      CAS*CO*45*999.99*0~
      LQ*HE*N1~
      CLP*9999999999-999*4*999.99*0*0*MC*99999999999*11*1***0~
      NM1*QC*1*XXXXXXXXX*XXXXX****MR*99999999999~
      NM1*74*1*XXXXXXXXX*XXXXX*J~
      DTM*050*20120127~
      DTM*232*20120106~
      DTM*233*20120106~
      SVC*XX>99999*999.99*0**9.999~
      DTM*472*20120106~
      CAS*CO*24*999.99*0~
      REF*6R*999X999999999999999999~
      LQ*HE*N1~
      CLP*XXXXXX9999*1*999.99*176.12*0*MC*99999999999**1***0~
      NM1*QC*1*XXXXXXXX*XXXXXXXX*E***MR*99999999999~
      DTM*050*20111227~
      DTM*232*20111008~
      DTM*233*20111009~
      SVC*XX>99999*999.99*999.99**9.999~
      DTM*472*20111008~
      CAS*CO*45*99.99*0~
      LQ*HE*N1~
      SVC*XX>99999*999.99*99.99**9.999~
      DTM*472*20111009~
      CAS*CO*45*99.99*0~
      LQ*HE*N1~
      CLP*XXXXXX9999*1*999.99*99.99*0*MC*99999999999**1***0~
      NM1*QC*1*XXXXXXXX*XXXXXXXX*E***MR*99999999999~
      DTM*050*20111227~
      DTM*232*20111014~
      DTM*233*20111014~
      SVC*XX>99999*999.99*99.99**9.999~
      DTM*472*20111014~
      CAS*CO*45*999.99*0~
      LQ*HE*N1~
      CLP*XXXXXX9999*1*999.99*99.99*0*MC*99999999999**1***0~
      NM1*QC*1*XXXXXXXX*XXXXXXXX*E***MR*99999999999~
      DTM*050*20111227~
      DTM*232*20111025~
      DTM*233*20111025~
      SVC*XX>99999*999.99*99.99**9.999~
      DTM*472*20111025~
      CAS*CO*45*999.99*0~
      LQ*HE*N1~
      CLP*XXXXXX9999*1*999.99*99.99*0*MC*99999999999**1***0~
      NM1*QC*1*XXXXXXXX*XXXXXXXX*E***MR*99999999999~
      DTM*050*20111227~
      DTM*232*20111128~
      DTM*233*20111128~
      SVC*XX>99999*999.99*99.99**9.999~
      DTM*472*20111128~
      CAS*CO*45*999.99*0~
      LQ*HE*N1~
      CLP*XXXXXX9999*4*999.99*0*0*MC*99999999999**1***0~
      NM1*QC*1*XXXXXXXX*XXXXXXXX*E***MR*99999999999~
      DTM*050*20111227~
      DTM*232*20111209~
      DTM*233*20111209~
      SVC*XX>99999>XX*999.99*0**9.999~
      DTM*472*20111209~
      CAS*CO*24*999.99*0~
      LQ*HE*N1~
      SVC*XX>99999*99.99*0**9.999~
      DTM*472*20111209~
      CAS*CO*24*99.99*0~
      LQ*HE*N1~
      SVC*XX>99999*99.99*0**9.999~
      DTM*472*20111209~
      CAS*CO*24*99.99*0~
      LQ*HE*N1~
      SVC*XX>99999*99.99*0**9.999~
      DTM*472*20111209~
      CAS*CO*24*99.99*0~
      LQ*HE*N1~
      SVC*XX>99999*99.99*0**9.999~
      DTM*472*20111209~
      CAS*CO*24*99.99*0~
      LQ*HE*N1~
    SE*287*8001~
  GE*1*8~
IEA*1*000000031~
ISA*00*          *00*          *ZZ*MMISNEBR       *ZZ*WWWWW          *120130*1637*^*00501*000000032*0*P*>~
GS*HP*MMISNEBR*WWWWW*20120130*163752*9*X*005010X221A1~
ST*835*9001~
BPR*I*9999.99*C*ACH*CTX*01*999999999*DA*999999999999*9999999999**01*999999999*DA*9999999999*20120201~
TRN*1*999999999*9999999999~
DTM*405*20120128~
N1*PR*XXXXXXXX XXXXXXXX~
N3*X.X. XXX 99999~
N4*XXXXXXX*NE*999999999~
PER*CX*XXXXXXXX XXXXXXX XXXX*TE*9999999999*TE*9999999999~
PER*BL*XXXXXXXX XXX XXXX XXXX*TE*9999999999*TE*9999999999*EM*XXXX.XXXXXXXXXXX@XXXXXXXX.XXX~
PER*IC**UR*XXX.XXXX.XX.XXX/XXXXXXXX~
N1*PE*XXXXXXX XXXXXXXX & XXXXXXXXXX,XX*XX*9999999999~
N3*9999 XXXXXX XX*#999~
N4*XXXXX*NE*999999999~
REF*TJ*999999999~
LX*1~
CLP*9999999999-999*4*999.99*0*0*MC*99999999999*11*1***0~
NM1*QC*1*DAK*XXXXXXX****MR*99999999999~
NM1*74*1*DAK*XXXXXXX*N~
NM1*82*1*XXXXXX*XXXXX****XX*9999999999~
DTM*050*20120124~
DTM*232*20120116~
DTM*233*20120116~
SVC*XX>99999*999.99*0**9.999~
DTM*472*20120116~
CAS*CO*24*999.99*0~
REF*6R*999X999999999999999999~
LQ*HE*N1~
SVC*HC>90716*99.99*0**9.999~
DTM*472*20120116~
CAS*CO*24*99.99*0~
REF*6R*999X999999999999999999~
LQ*HE*N1~
CLP*9999999999-999*1*999.99*99.99*0*MC*99999999999*21*1***0~
NM1*QC*1*XXXXXXX*XXXXXXX*D***MR*99999999999~
NM1*82*1*XXXXXX*XXXXX****XX*9999999999~
DTM*050*20120126~
DTM*232*20111012~
DTM*233*20111012~
SVC*XX>99999*999.99*99.99**9.999~
DTM*472*20111012~
CAS*CO*45*999.99*0~
REF*6R*999X999999999999999999~
LQ*HE*N1~
CLP*9999999999-999*1*999.99*99.99*0*MC*99999999999*21*1***0~
NM1*QC*1*XXXXXXX*XXXXXXX*D***MR*99999999999~
NM1*82*1*XXXXXX*XXXXX****XX*9999999999~
DTM*050*20120126~
DTM*232*20111011~
DTM*233*20111011~
SVC*XX>99999*999.99*99.99**9.999~
DTM*472*20111011~
CAS*CO*45*999.99*0~
REF*6R*999X999999999999999999~
LQ*HE*N1~
CLP*9999999999-999*1*99.99*99.99*0*MC*99999999999*21*1***0~
NM1*QC*1*XXXXXXX*XXXXXXX*D***MR*99999999999~
NM1*82*1*XXXXXX*XXXXX****XX*9999999999~
DTM*050*20120126~
DTM*232*20111016~
DTM*233*20111016~
SVC*XX>99999*99.99*99.99**9.999~
DTM*472*20111016~
CAS*CO*45*99.99*0~
REF*6R*999X999999999999999999~
LQ*HE*N1~
CLP*9999999999-999*1*999.99*99.99*0*MC*99999999999*21*1***0~
NM1*QC*1*XXXXXXX*XXXXXXX*D***MR*99999999999~
NM1*82*1*XXXXXX*XXXXX****XX*9999999999~
DTM*050*20120126~
DTM*232*20111015~
DTM*233*20111015~
SVC*XX>99999*999.99*99.99**9.999~
DTM*472*20111015~
CAS*CO*45*999.99*0~
REF*6R*999X999999999999999999~
LQ*HE*N1~
CLP*9999999999-999*1*999.99*99.99*0*MC*99999999999*21*1***0~
NM1*QC*1*XXXXXXX*XXXXXXX*D***MR*99999999999~
NM1*82*1*XXXXXX*XXXXX****XX*9999999999~
DTM*050*20120126~
DTM*232*20111014~
DTM*233*20111014~
SVC*XX>99999*999.99*99.99**9.999~
DTM*472*20111014~
CAS*CO*45*999.99*0~
REF*6R*999X999999999999999999~
LQ*HE*N1~
CLP*9999999999-999*1*999.99*99.99*0*MC*99999999999*21*1***0~
NM1*QC*1*XXXXXXX*XXXXXXX*D***MR*99999999999~
NM1*82*1*XXXXXX*XXXXX****XX*9999999999~
DTM*050*20120126~
DTM*232*20111013~
DTM*233*20111013~
SVC*XX>99999*999.99*99.99**9.999~
DTM*472*20111013~
CAS*CO*45*999.99*0~
REF*6R*999X999999999999999999~
LQ*HE*N1~
CLP*9999999999-999*1*999.99*99.99*0*MC*99999999999*11*1***0~
NM1*QC*1*XXXXXXX*XXXXXXX*D***MR*99999999999~
NM1*82*1*XXXXXX*XXXXX****XX*9999999999~
DTM*050*20120126~
DTM*232*20111228~
DTM*233*20111228~
SVC*XX>99999*999.99*99.99**9.999~
DTM*472*20111228~
CAS*CO*45*147.22*0~
REF*6R*999X999999999999999999~
LQ*HE*N1~
CLP*9999999999-999*1*999.99*99.99*0*MC*99999999999*11*1***0~
NM1*QC*1*XXXXXXX*XXXXXXX*D***MR*99999999999~
NM1*82*1*XXXXXX*XXXXX****XX*9999999999~
DTM*050*20120126~
DTM*232*20111130~
DTM*233*20111130~
SVC*XX>99999*999.99*99.99**9.999~
DTM*472*20111130~
CAS*CO*45*147.22*0~
REF*6R*999X999999999999999999~
LQ*HE*N1~
CLP*9999999999-999*1*999.99*99.99*0*MC*99999999999*11*1***0~
NM1*QC*1*XXXXXXX*XXXXXXX*D***MR*99999999999~
NM1*82*1*XXXXXX*XXXXX****XX*9999999999~
DTM*050*20120126~
DTM*232*20111121~
DTM*233*20111121~
SVC*XX>99999*999.99*99.99**9.999~
DTM*472*20111121~
CAS*CO*45*99.99*0~
REF*6R*999X999999999999999999~
LQ*HE*N1~
CLP*9999999999-999*1*999.99*99.99*0*MC*99999999999*11*1***0~
NM1*QC*1*XXXXXXX*XXXXXXX*D***MR*99999999999~
NM1*82*1*XXXXXX*XXXXX****XX*9999999999~
DTM*050*20120126~
DTM*232*20111102~
DTM*233*20111102~
SVC*XX>99999*999.99*99.99**9.999~
DTM*472*20111102~
CAS*CO*45*99.99*0~
REF*6R*999X999999999999999999~
LQ*HE*N1~
CLP*9999999999-999*1*999.99*99.99*0*MC*99999999999*11*1***0~
NM1*QC*1*XXXXXXX*XXXXXXX*D***MR*99999999999~
NM1*82*1*XXXXXX*XXXXX****XX*9999999999~
DTM*050*20120126~
DTM*232*20111026~
DTM*233*20111026~
SVC*XX>99999*999.99*99.99**9.999~
DTM*472*20111026~
CAS*CO*45*147.22*0~
REF*6R*999X999999999999999999~
LQ*HE*N1~
CLP*9999999999-999*1*999.99*99.99*0*MC*99999999999*21*1***0~
NM1*QC*1*XXXXXXX*XXXXXXX*D***MR*99999999999~
NM1*82*1*XXXXXX*XXXXX****XX*9999999999~
DTM*050*20120126~
DTM*232*20111017~
DTM*233*20111017~
SVC*XX>99999*999.99*99.99**9.999~
DTM*472*20111017~
CAS*CO*45*999.99*0~
REF*6R*999X999999999999999999~
LQ*HE*N1~
CLP*999999999*1*999.99*99.99*0*MC*99999999999**1***0~
NM1*QC*1*XXXXXX*XXXXXXX*S***MR*99999999999~
NM1*82*1*XXXXXX*XXXXX****XX*9999999999~
DTM*050*20111229~
DTM*232*20111128~
DTM*233*20111128~
SVC*XX>99999*999.99*99.99**9.999~
DTM*472*20111128~
CAS*CO*45*99.99*0~
LQ*HE*N1~
CLP*999999999*1*999.99*99.99*0*MC*99999999999**1***0~
NM1*QC*1*XXXXXX*XXXXXXXX****MR*99999999999~
NM1*82*1*XXXXXX*XXXXX****XX*9999999999~
DTM*050*20111229~
DTM*232*20111015~
DTM*233*20111015~
SVC*XX>99999*999.99*99.99**9.999~
DTM*472*20111015~
CAS*CO*45*999.99*0~
LQ*HE*N1~
CLP*999999999*1*999.99*99.99*0*MC*99999999999**1***0~
NM1*QC*1*XXXXXX*XXXXXXXX****MR*99999999999~
NM1*82*1*XXXXXX*XXXXX****XX*9999999999~
DTM*050*20111229~
DTM*232*20111016~
DTM*233*20111016~
SVC*XX>99999*999.99*99.99**9.999~
DTM*472*20111016~
CAS*CO*45*999.99*0~
LQ*HE*N1~
CLP*999999999*1*999.99*99.99*0*MC*99999999999**1***0~
NM1*QC*1*XXXXXX*XXXXXXXX****MR*99999999999~
NM1*82*1*XXXXXX*XXXXX****XX*9999999999~
DTM*050*20111229~
DTM*232*20111031~
DTM*233*20111031~
SVC*XX>99999*999.99*99.99**9.999~
DTM*472*20111031~
CAS*CO*45*147.22*0~
LQ*HE*N1~
CLP*999999999*1*999.99*999.99*0*MC*99999999999**1***0~
NM1*QC*1*XXXXXX*XXXXXXXX****MR*99999999999~
NM1*82*1*XXXXXX*XXXXX****XX*9999999999~
DTM*050*20111229~
DTM*232*20111102~
DTM*233*20111102~
SVC*XX>99999*999.99*999.99**9.999~
DTM*472*20111102~
CAS*CO*45*313.26*0~
LQ*HE*N1~
CLP*999999999*1*999.99*99.99*0*MC*99999999999**1***0~
NM1*QC*1*XXXXXX*XXXXXXXX****MR*99999999999~
NM1*82*1*XXXXXX*XXXXX****XX*9999999999~
DTM*050*20111229~
DTM*232*20111103~
DTM*233*20111103~
SVC*XX>99999*999.99*99.99**9.999~
DTM*472*20111103~
CAS*CO*45*999.99*0~
LQ*HE*N1~
CLP*999999999*1*999.99*99.99*0*MC*99999999999**1***0~
NM1*QC*1*XXXXXX*XXXXXXXX****MR*99999999999~
NM1*82*1*XXXXXX*XXXXX****XX*9999999999~
DTM*050*20111229~
DTM*232*20111104~
DTM*233*20111104~
SVC*XX>99999*999.99*99.99**9.999~
DTM*472*20111104~
CAS*CO*45*999.99*0~
LQ*HE*N1~
CLP*999999999*1*999.99*99.99*0*MC*99999999999**1***0~
NM1*QC*1*XXXXXX*XXXXXXXX****MR*99999999999~
NM1*82*1*XXXXXX*XXXXX****XX*9999999999~
DTM*050*20111229~
DTM*232*20111105~
DTM*233*20111105~
SVC*XX>99999*999.99*99.99**9.999~
DTM*472*20111105~
CAS*CO*45*999.99*0~
LQ*HE*N1~
CLP*999999999*1*999.99*99.99*0*MC*99999999999**1***0~
NM1*QC*1*XXXXXX*XXXXXXXX****MR*99999999999~
NM1*82*1*XXXXXX*XXXXX****XX*9999999999~
DTM*050*20111229~
DTM*232*20111106~
DTM*233*20111106~
SVC*XX>99999*999.99*99.99**9.999~
DTM*472*20111106~
CAS*CO*45*999.99*0~
LQ*HE*N1~
CLP*999999999*1*999.99*111.30*0*MC*99999999999**1***0~
NM1*QC*1*XXXXXX*XXXXXXXX****MR*99999999999~
NM1*82*1*XXXXXX*XXXXX****XX*9999999999~
DTM*050*20111229~
DTM*232*20111107~
DTM*233*20111107~
SVC*XX>99999*999.99*999.9**9.999~
DTM*472*20111107~
CAS*CO*45*999.99*0~
LQ*HE*N1~
SE*265*9001~
GE*1*9~
IEA*1*000000032~
ISA*00*          *00*          *ZZ*MMISNEBR       *ZZ*WWWWW          *120130*1639*^*00501*000000033*0*P*>~
GS*HP*MMISNEBR*WWWWW*20120130*163902*10*X*005010X221A1~
ST*835*10001~
BPR*I*482.13*C*ACH*CTX*01*999999999*DA*999999999999*9999999999**01*999999999*DA*9999999*20120201~
TRN*1*999999999*9999999999~
DTM*405*20120128~
N1*PR*XXXXXXXX XXXXXXXX~
N3*X.X. XXX 99999~
N4*XXXXXXX*NE*999999999~
PER*CX*XXXXXXXX XXXXXXX XXXX*TE*9999999999*TE*9999999999~
PER*BL*XXXXXXXX XXX XXXX XXXX*TE*9999999999*TE*9999999999*EM*XXXX.XXXXXXXXXXX@XXXXXXXX.XXX~
PER*IC**UR*XXX.XXXX.XX.XXX/XXXXXXXX~
N1*PE*XXXXXXXX XX-XXX XXXXX XX*FI*999999999~
N3*99999 XXXXX 99XX XX*XXXXX 999~
N4*XXXXXXXX*NE*999999999~
REF*PQ*99999999999~
LX*1~
CLP*99999999*1*999.99*999.99*0*MC*99999999999**1***0~
NM1*QC*1*XXXXXX*XXXX*K***MR*99999999999~
NM1*82*1*XXXXX*XXXXXXX X****FI*999999999~
DTM*050*20111107~
DTM*232*20111019~
DTM*233*20111019~
SVC*XX>99999*999.99*999.99**9.999~
DTM*472*20111019~
CAS*CO*45*99.99*0~
LQ*HE*N1~
SVC*XX>99999*9.99*0**9.999~
DTM*472*20111019~
CAS*CO*204*9.99*0~
LQ*HE*N1~
CLP*9999999*1*99.99*99.99*0*MC*99999999999**1***0~
NM1*QC*1*XXXXXX*XXXX*K***MR*99999999999~
NM1*82*1*XXXXX*XXXXXXX X****FI*999999999~
DTM*050*20111115~
DTM*232*20111019~
DTM*233*20111019~
SVC*XX>99999*99.99*99.99**9.999~
DTM*472*20111019~
CAS*CO*45*99.99*0~
LQ*HE*N1~
SVC*XX>X9999*99.99*0**99.999~
DTM*472*20111019~
CAS*CO*16*99.99*0~
LQ*HE*N1~
LQ*HE*X999~
LQ*HE*X999~
SVC*XX>X9999*99.99*0**9.999~
DTM*472*20111019~
CAS*CO*16*99.99*0~
LQ*HE*N1~
LQ*HE*X999~
CLP*99999999*1*999.99*99.99*0*MC*99999999999**1***0~
NM1*QC*1*XXXXX*XXXXXXXX*S***MR*99999999999~
NM1*82*1*XXXXX*XXXXXXX X****FI*999999999~
DTM*050*20111109~
DTM*232*20110929~
DTM*233*20110929~
SVC*XX>99999>99*999.99*99.99**9.999~
DTM*472*20110929~
CAS*CO*45*999.99*0~
LQ*HE*N1~
SVC*XX>99999*99.99*99.99**9.999~
DTM*472*20110929~
CAS*CO*45*99.99*0~
LQ*HE*N1~
SVC*XX>X9999*99.99*0**9.999~
DTM*472*20110929~
CAS*CO*16*99.99*0~
LQ*HE*N1~
LQ*HE*X999~
SVC*HC>81025*99.99*9.99**9.999~
DTM*472*20110929~
CAS*CO*45*99.99*0~
LQ*HE*N1~
CLP*99999-999*1*999.99*99.99*0*MC*99999999999**1***0~
NM1*QC*1*XXXX*XXXXXXX*M***MR*99999999999~
NM1*82*1*XXXXX*XXXXXXX X****FI*999999999~
DTM*050*20110916~
DTM*232*20110630~
DTM*233*20110630~
SVC*XX>99999*999.99*99.99**9.999~
DTM*472*20110630~
CAS*CO*45*99.99*0~
LQ*HE*N1~
SVC*HC>81002*99.99*3.6**9.999~
DTM*472*20110630~
CAS*CO*45*99.99*0~
LQ*HE*N1~
CLP*9999999*4*9999.99*0*0*MC*99999999999**1***0~
NM1*QC*1*XXXXXXXXX*XXXX****MR*99999999999~
NM1*82*1*XXXXX*XXXXXXX X****FI*999999999~
NM1*PR*2*XXXXXX XXXXXXXXXX*****PI*99999-999~
NM1*GB*1*XXXXXXXXX*XXXX~
DTM*050*20111121~
DTM*232*20110113~
DTM*233*20110113~
SVC*XX>99999*9999.99*0**9.999~
DTM*472*20110113~
CAS*CO*23*9999.99*0~
LQ*HE*N1~
LQ*HE*N36~
CLP*99999999*1*999.99*999.99*0*MC*99999999999**1***0~
NM1*QC*1*XXXXXXXX*XXXXXXXX*A***MR*99999999999~
NM1*82*1*XXXXX*XXXXXXX X****FI*999999999~
DTM*050*20111116~
DTM*232*20111031~
DTM*233*20111031~
SVC*XX>99999*999.99*999.99**9.999~
DTM*472*20111031~
CAS*CO*45*99.99*0~
LQ*HE*N1~
SVC*XX>99999*9.99*0**9.999~
DTM*472*20111031~
CAS*CO*204*9.99*0~
LQ*HE*N1~
CLP*99999-999*1*99.99*9.99*0*MC*99999999999**1***0~
NM1*QC*1*XXXXX*XXXXXX*C***MR*99999999999~
NM1*82*1*XXXXX*XXXXXXX X****FI*999999999~
DTM*050*20110912~
DTM*232*20110831~
DTM*233*20110831~
SVC*XX>99999*99.99*9.99**9.999~
DTM*472*20110831~
CAS*CO*45*99.99*0~
LQ*HE*N1~
CLP*99999-999*4*999.99*0*0*MC*99999999999**1***0~
NM1*QC*1*XXXXX*XXXXXX*C***MR*99999999999~
NM1*82*1*XXXXX*XXXXXXX X****FI*999999999~
DTM*050*20110916~
DTM*232*20110825~
DTM*233*20110825~
SVC*XX>99999*999.99*0**9.999~
DTM*472*20110825~
CAS*CO*165*999.99*0~
LQ*HE*N1~
LQ*HE*X999~
CLP*16271001*1*99.99*99.99*0*MC*99999999999**1***0~
NM1*QC*1*XXXXX*XXXXXX*C***MR*99999999999~
NM1*82*1*XXXXX*XXXXXXX X****FI*999999999~
DTM*050*20111116~
DTM*232*20111021~
DTM*233*20111021~
SVC*XX>99999*9.99*0**9.999~
DTM*472*20111021~
CAS*CO*204*9.99*0~
LQ*HE*N1~
SVC*HC>81025*99.99*9.99**9.999~
DTM*472*20111021~
CAS*CO*45*99.99*0~
LQ*HE*N1~
SVC*HC>81002*99.99*9.99**9.999~
DTM*472*20111021~
CAS*CO*45*99.99*0~
LQ*HE*N1~
CLP*16271001*1*99.99*9.99*0*MC*99999999999**1***0~
NM1*QC*1*XXXXX*XXXXXX*C***MR*99999999999~
NM1*82*1*XXXXX*XXXXXXX X****FI*999999999~
DTM*050*20111031~
DTM*232*20111017~
DTM*233*20111017~
SVC*XX>99999*99.99*9.99**9.999~
DTM*472*20111017~
CAS*CO*45*99.99*0~
LQ*HE*N1~
CLP*16271001*1*99.99*9.99*0*MC*99999999999**1***0~
NM1*QC*1*XXXXX*XXXXXX*C***MR*99999999999~
NM1*82*1*XXXXX*XXXXXXX X****FI*999999999~
DTM*050*20111107~
DTM*232*20111024~
DTM*233*20111024~
SVC*XX>99999*99.99*9.99**9.999~
DTM*472*20111024~
CAS*CO*45*99.99*0~
LQ*HE*N1~
CLP*99999999*1*999.99*999.99*0*MC*99999999999**1***0~
NM1*QC*1*XXXXXX*XXXXX*T***MR*99999999999~
NM1*82*1*XXXXX*XXXXXXX X****FI*999999999~
DTM*050*20111012~
DTM*232*20110927~
DTM*233*20110927~
SVC*XX>99999*999.99*999.99**9.999~
DTM*472*20110927~
CAS*CO*45*99.99*0~
LQ*HE*N1~
CLP*99999999*4*999.99*0*0*MC*99999999999**1***0~
NM1*QC*1*XXXXXX*XXXXXXX*J***MR*99999999999~
NM1*82*1*XXXXX*XXXXXXX X****FI*999999999~
DTM*050*20111115~
DTM*232*20100310~
DTM*233*20100310~
SVC*XX>99999*999.99*0**9.999~
DTM*472*20100310~
CAS*CO*23*999.99*0*29*999.99*0*45*-999.99*0~
LQ*HE*N1~
CLP*999999*2*999.99*9.99*0*MC*99999999999**1***0~
NM1*QC*1*XXXXXXXXXX*XXXXX****MR*99999999999~
NM1*82*1*XXXXX*XXXXXXX X****FI*999999999~
DTM*050*20111207~
DTM*232*20110325~
DTM*233*20110325~
SVC*XX>99999>99*999.99*0**9.999~
DTM*472*20110325~
CAS*CO*23*112.27*0*45*99.99*0~
LQ*HE*N1~
SVC*XX>99999*999.99*0**9.999~
DTM*472*20110325~
CAS*CO*23*99.99*0*45*99.99*0~
LQ*HE*N1~
SVC*XX>X9999*99.99*9.99**9.999~
DTM*472*20110325~
CAS*CO*45*99.99*0~
LQ*HE*N1~
SVC*XX>X9999*9.99*9.99**9.999~
DTM*472*20110325~
CAS*CO*45*9.99*0~
LQ*HE*N1~
SVC*XX>X9999*99.99*9.99**9.999~
DTM*472*20110325~
CAS*CO*23*9.99*0*45*99.99*0~
LQ*HE*N1~
SVC*XX>X9999*99.99*0**99.999~
DTM*472*20110325~
CAS*CO*23*.28*0*59*99.99*0~
LQ*HE*N1~
LQ*HE*N20~
SE*225*10001~
GE*1*10~
IEA*1*000000033~
