ISA*00*          *00*          *30*XXXXXXXXXXXXX  *ZZ*9999999        *110503*9999*U*99999*999999999*0*P*:~
  GS*HP*9999*9999999*20110503*99999999*999999*X*999999X999X9~
    ST*835*999999~
      BPR*I*99999.99*C*CHK************20110503~
      TRN*1*99999999*9999999999~
      REF*EV*XXXXXX~
      DTM*405*20110503~
      N1*PR*XXXX XXXXX XXXX XXXXXX XXXXXXXX~
        N3*9999 XXXXX XX~
        N4*XXXXX*NE*999999999~
        REF*2U*99999~
      N1*PE*XXXXXXX XXXXXXXX & XXXXXXXXXX XX*XX*9999999999~
        N3*9999 XXXXXX XX XXX 999~
        N4*XXXXX*NE*999999999~
        REF*PQ*999999999999~
        REF*TJ*999999999~
      LX*1~
        CLP*9999999999-999*2*488*0*488*12*999999999999*11~
          NM1*QC*1*XXXXXXX*XXXXX*E***MI*99999999999~
          NM1*74*1******C*XXX999999999~
          DTM*050*20110421~
          SVC*XX:99999*215*0**1~
            DTM*472*20110316~
            CAS*PR*16*215~
            REF*6R*999X999999999999999999~
            REF*HPI*9999999999~
            LQ*HE*X999~
          SVC*XX:99999*15*0**1~
            DTM*472*20110316~
            CAS*PR*16*15~
            REF*6R*999X999999999999999999~
            REF*HPI*9999999999~
            LQ*HE*X999~
          SVC*XX:99999*68*0**1~
            DTM*472*20110316~
            CAS*PR*16*68~
            REF*6R*999X999999999999999999~
            REF*HPI*9999999999~
            LQ*HE*X999~
          SVC*XX:99999*42*0**1~
            DTM*472*20110316~
            CAS*PR*16*42~
            REF*6R*999X999999999999999999~
            REF*HPI*9999999999~
            LQ*HE*X999~
          SVC*XX:99999:XX*71*0**1~
            DTM*472*20110316~
            CAS*PR*16*71~
            REF*6R*999X999999999999999999~
            REF*HPI*9999999999~
            LQ*HE*X999~
          SVC*XX:99999:XX*77*0**1~
            DTM*472*20110316~
            CAS*PR*16*77~
            REF*6R*999X999999999999999999~
            REF*HPI*9999999999~
            LQ*HE*X999~
        CLP*9999999999-999*1*215*121.22*35*12*999999999999*11~
          NM1*QC*1*XXXXXX*XXXX*E***MI*XXX999999999~
          DTM*050*20110427~
          SVC*XX:99999*215*121.22**1~
            DTM*472*20110127~
            CAS*CO*45*99.99~
            CAS*PR*3*35~
            REF*6R*999X999999999999999999~
            REF*HPI*9999999999~
            AMT*B6*156.22~
        CLP*9999999999-999*2*340*99.99**12*999999999999*11~
          NM1*QC*1*XXXXXXX*XXXXXX*E***MI*XXX999999999~
          NM1*IL*1*XXXXXXX*XXXXXX X*E***MI*99999999999~
          NM1*74*1**XXXXXX****C*XXX999999999~
          DTM*050*20110429~
          SVC*XX:99999*215*99.99**1~
            DTM*472*20110321~
            CAS*OA*23*133.02~
            REF*6R*999X999999999999999999~
            REF*HPI*9999999999~
            AMT*B6*215~
          SVC*XX:99999*15*0**1~
            DTM*472*20110321~
            CAS*OA*23*15~
            REF*6R*999X999999999999999999~
            REF*HPI*9999999999~
          SVC*XX:99999*68*0**1~
            DTM*472*20110321~
            CAS*OA*23*68~
            REF*6R*999X999999999999999999~
            REF*HPI*9999999999~
          SVC*XX:99999*42*0**1~
            DTM*472*20110321~
            CAS*OA*23*42~
            REF*6R*999X999999999999999999~
            REF*HPI*9999999999~
        CLP*9999999999-999*1*215*999.9*99.99*12*999999999999*11~
          NM1*QC*1*XXXXXXX*XXXX*D***MI*XXX999999999~
          NM1*IL*1*XXXXXXX*XXXXX*L***MI*XXX999999999~
          DTM*050*20110427~
          SVC*XX:99999*215*999.9**1~
            DTM*472*20110113~
            CAS*CO*45*99.99~
            CAS*PR*2*99.99~
            REF*6R*999X999999999999999999~
            REF*HPI*9999999999~
            AMT*B6*156.22~
        CLP*9999999999-999*2*340*99.99**12*999999999999*11~
          NM1*QC*1*XXXXX*XXXXXXXX*B***MI*99999999999~
          NM1*74*1******C*XXX999999999~
          DTM*050*20110429~
          SVC*XX:99999*215*99.99**1~
            DTM*472*20110321~
            CAS*OA*23*999.99~
            REF*6R*999X999999999999999999~
            REF*HPI*9999999999~
            AMT*B6*215~
          SVC*XX:99999*15*0**1~
            DTM*472*20110321~
            CAS*OA*23*15~
            REF*6R*999X999999999999999999~
            REF*HPI*9999999999~
          SVC*XX:99999*68*0**1~
            DTM*472*20110321~
            CAS*OA*23*68~
            REF*6R*999X999999999999999999~
            REF*HPI*9999999999~
          SVC*XX:99999*42*0**1~
            DTM*472*20110321~
            CAS*OA*23*42~
            REF*6R*999X999999999999999999~
            REF*HPI*9999999999~
        CLP*9999999999-999*2*64*9.99**12*999999999999*11~
          NM1*QC*1*XXXXXXXXXX*XXXXXX*W**SR*MI*XXX999999999~
          NM1*IL*1*XXXXXXXXXX XX*XXXXXX*W***MI*99999999999~
          NM1*74*1*XXXXXXXXXX*****C*XXX999999999~
          DTM*050*20110428~
          SVC*XX:99999*42*9.99**1~
            DTM*472*20110309~
            CAS*OA*23*99.99~
            REF*6R*999X999999999999999999~
            REF*HPI*9999999999~
            AMT*B6*42~
          SVC*XX:99999:XX*22*0**1~
            DTM*472*20110309~
            CAS*OA*23*22~
            REF*6R*999X999999999999999999~
            REF*HPI*9999999999~
        CLP*9999999999-999*1*419*999.9*99.99*12*999999999999*21~
          NM1*QC*1*XXXXXXXXX*XXXXXX*A***MI*XXX99999999~
          NM1*IL*1*XXXXXXXXX*XXXXXX****MI*XXX99999999~
          DTM*050*20110429~
          SVC*XX:99999*419*999.9**1~
            DTM*472*20110327~
            CAS*CO*45*999.99~
            CAS*PR*2*99.99~
            REF*6R*999X999999999999999999~
            REF*HPI*9999999999~
            AMT*B6*999.99~
        CLP*9999999999-999*1*152*99.99*99.99*12*999999999999*21~
          NM1*QC*1*XXXXXXXXX*XXXXXX*A***MI*XXX99999999~
          NM1*IL*1*XXXXXXXXX*XXXXXX****MI*XXX99999999~
          DTM*050*20110429~
          SVC*XX:99999*152*99.99**1~
            DTM*472*20110328~
            CAS*CO*45*99.9~
            CAS*PR*2*99.99~
            REF*6R*999X999999999999999999~
            REF*HPI*9999999999~
            AMT*B6*999.9~
        CLP*9999999999-999*1*215*0*156.22*12*999999999999*11~
          NM1*QC*1*XXXXXXXXX*XXXXX*M***MI*XXX999999999~
          DTM*050*20110429~
          SVC*XX:99999*215*0**1~
            DTM*472*20110215~
            CAS*CO*45*99.99~
            CAS*PR*1*156.22~
            REF*6R*999X999999999999999999~
            REF*HPI*9999999999~
            AMT*B6*156.22~
        CLP*9999999999-999*1*215*121.22*35*12*999999999999*11~
          NM1*QC*1*XXXXXXXX*XXXXX*L***MI*XXX999999999~
          DTM*050*20110503~
          SVC*XX:99999*215*121.22**1~
            DTM*472*20110217~
            CAS*CO*45*99.99~
            CAS*PR*3*35~
            REF*6R*999X999999999999999999~
            REF*HPI*9999999999~
            AMT*B6*156.22~
        CLP*9999999999-999*1*9999*9999.99*30*12*999999999999*11~
          NM1*QC*1*XXXXXX*XXXXX*J***MI*XXX999XX9999~
          DTM*050*20110420~
          SVC*XX:99999:99*215*156.22**1~
            DTM*472*20110329~
            CAS*CO*45*99.99~
            REF*6R*999X999999999999999999~
            REF*HPI*9999999999~
            AMT*B6*156.22~
          SVC*XX:99999*330*999.99**1~
            DTM*472*20110329~
            CAS*CO*45*107.02~
            REF*6R*999X999999999999999999~
            REF*HPI*9999999999~
            AMT*B6*999.99~
          SVC*XX:99999*165*999.99**1~
            DTM*472*20110329~
            CAS*CO*45*99.99~
            REF*6R*999X999999999999999999~
            REF*HPI*9999999999~
            AMT*B6*999.99~
          SVC*XX:X9999*420*999.99**10~
            DTM*472*20110329~
            CAS*CO*45*999.99~
            REF*6R*999X999999999999999999~
            REF*HPI*9999999999~
            AMT*B6*999.99~
          SVC*XX:X9999*9999*9999.99**120~
            DTM*472*20110329~
            CAS*CO*45*999.99~
            CAS*PR*3*30~
            REF*6R*999X999999999999999999~
            REF*HPI*9999999999~
            AMT*B6*9999.99~
          SVC*XX:99999*65*99.99**1~
            DTM*472*20110329~
            CAS*CO*45*99.99~
            REF*6R*999X999999999999999999~
            REF*HPI*9999999999~
            AMT*B6*99.99~
          SVC*XX:99999*182*99.99**1~
            DTM*472*20110329~
            CAS*CO*45*999.99~
            REF*6R*999X999999999999999999~
            REF*HPI*9999999999~
            AMT*B6*99.99~
          SVC*XX:99999*56*99.99**1~
            DTM*472*20110329~
            CAS*CO*45*99.99~
            REF*6R*999X999999999999999999~
            REF*HPI*9999999999~
            AMT*B6*99.99~
          SVC*XX:X9999*130*999.99**2~
            DTM*472*20110329~
            CAS*CO*45*9.99~
            REF*6R*999X999999999999999999~
            REF*HPI*9999999999~
            AMT*B6*999.99~
          SVC*XX:X9999*300*14**50~
            DTM*472*20110329~
            CAS*CO*45*286~
            REF*6R*999X999999999999999999~
            REF*HPI*9999999999~
            AMT*B6*14~
          SVC*XX:X9999*20*9.99**1~
            DTM*472*20110329~
            CAS*CO*45*99.99~
            REF*6R*999X999999999999999999~
            REF*HPI*9999999999~
            AMT*B6*9.99~
          SVC*XX:X9999*380*302.02**10~
            DTM*472*20110329~
            CAS*CO*45*99.99~
            REF*6R*999X999999999999999999~
            REF*HPI*9999999999~
            AMT*B6*302.02~
          SVC*XX:99999*15*9.99**1~
            DTM*472*20110329~
            CAS*CO*45*9.99~
            REF*6R*999X999999999999999999~
            REF*HPI*9999999999~
            AMT*B6*9.99~
          SVC*XX:99999*68*99.99**1~
            DTM*472*20110329~
            CAS*CO*45*99.99~
            REF*6R*999X999999999999999999~
            REF*HPI*9999999999~
            AMT*B6*99.99~
          SVC*XX:99999*42*99.99**1~
            DTM*472*20110329~
            CAS*CO*45*99.99~
            REF*6R*999X999999999999999999~
            REF*HPI*9999999999~
            AMT*B6*99.99~
        CLP*9999999999-999*1*417*999.99*50*12*999999999999*11~
          NM1*QC*1*XXXXX*XXXXXX*W***MI*XXX999999999~
          DTM*050*20110429~
          SVC*XX:99999*417*999.99**1~
            DTM*472*20110208~
            CAS*CO*45*999.99~
            CAS*PR*3*50~
            REF*6R*999X999999999999999999~
            REF*HPI*9999999999~
            AMT*B6*999.99~
        CLP*9999999999-999*2*340*99.99**12*999999999999*11~
          NM1*QC*1*XXXXX*XXXXXX*M***MI*99999999999~
          NM1*74*1******C*XXX999999999~
          DTM*050*20110428~
          SVC*XX:99999*215*99.99**1~
            DTM*472*20110309~
            CAS*OA*23*999.99~
            REF*6R*999X999999999999999999~
            REF*HPI*9999999999~
            AMT*B6*215~
          SVC*XX:99999*15*0**1~
            DTM*472*20110309~
            CAS*OA*23*15~
            REF*6R*999X999999999999999999~
            REF*HPI*9999999999~
          SVC*XX:99999*68*0**1~
            DTM*472*20110309~
            CAS*OA*23*68~
            REF*6R*999X999999999999999999~
            REF*HPI*9999999999~
          SVC*XX:99999*42*0**1~
            DTM*472*20110309~
            CAS*OA*23*42~
            REF*6R*999X999999999999999999~
            REF*HPI*9999999999~
        CLP*9999999999-999*2*9999*999.99**12*999999999999*11~
          NM1*QC*1*XXXXXXX*XXXX*G***MI*99999999999~
          NM1*74*1******C*XXX999999999~
          DTM*050*20110428~
          SVC*XX:99999:99*143*99.99**1~
            DTM*472*20110308~
            CAS*OA*23*999.99~
            REF*6R*999X999999999999999999~
            REF*HPI*9999999999~
            AMT*B6*143~
          SVC*XX:99999*15*0**1~
            DTM*472*20110308~
            CAS*OA*23*15~
            REF*6R*999X999999999999999999~
            REF*HPI*9999999999~
          SVC*XX:99999*68*0**1~
            DTM*472*20110308~
            CAS*OA*23*68~
            REF*6R*999X999999999999999999~
            REF*HPI*9999999999~
          SVC*XX:99999*42*0**1~
            DTM*472*20110308~
            CAS*OA*23*42~
            REF*6R*999X999999999999999999~
            REF*HPI*9999999999~
          SVC*XX:99999:99*43*9.99**1~
            DTM*472*20110308~
            CAS*OA*23*99.99~
            REF*6R*999X999999999999999999~
            REF*HPI*9999999999~
            AMT*B6*43~
          SVC*XX:X9999:XX*9999*116.06**60~
            DTM*472*20110308~
            CAS*OA*23*9999.99~
            REF*6R*999X999999999999999999~
            REF*HPI*9999999999~
            AMT*B6*9999~
        CLP*9999999999-999*2*9999*99.99**12*999999999999*11~
          NM1*QC*1*XXXXXXX*XXXX*K***MI*99999999999~
          NM1*74*1******C*XXX999999999~
          DTM*050*20110428~
          SVC*XX:99999:99*143*99.99**1~
            DTM*472*20110309~
            CAS*OA*23*999.99~
            REF*6R*999X999999999999999999~
            REF*HPI*9999999999~
            AMT*B6*143~
          SVC*XX:99999*68*0**1~
            DTM*472*20110309~
            CAS*OA*23*68~
            REF*6R*999X999999999999999999~
            REF*HPI*9999999999~
          SVC*XX:99999*42*0**1~
            DTM*472*20110309~
            CAS*OA*23*42~
            REF*6R*999X999999999999999999~
            REF*HPI*9999999999~
          SVC*XX:99999:99*43*9.99**1~
            DTM*472*20110309~
            CAS*OA*23*99.99~
            REF*6R*999X999999999999999999~
            REF*HPI*9999999999~
            AMT*B6*43~
          SVC*XX:X9999:XX*9999*99.99**40~
            DTM*472*20110309~
            CAS*OA*23*9999.99~
            REF*6R*999X999999999999999999~
            REF*HPI*9999999999~
            AMT*B6*9999~
        CLP*9999999999-999*2*340*99.99**12*999999999999*11~
          NM1*QC*1*XXXXX*XXXXXXXX*M***MI*99999999999~
          NM1*74*1******C*XXX999999999~
          DTM*050*20110429~
          SVC*XX:99999*215*99.99**1~
            DTM*472*20110316~
            CAS*OA*23*999.99~
            REF*6R*999X999999999999999999~
            REF*HPI*9999999999~
            AMT*B6*215~
          SVC*XX:99999*15*0**1~
            DTM*472*20110316~
            CAS*OA*23*15~
            REF*6R*999X999999999999999999~
            REF*HPI*9999999999~
          SVC*XX:99999*68*0**1~
            DTM*472*20110316~
            CAS*OA*23*68~
            REF*6R*999X999999999999999999~
            REF*HPI*9999999999~
          SVC*XX:99999*42*0**1~
            DTM*472*20110316~
            CAS*OA*23*42~
            REF*6R*999X999999999999999999~
            REF*HPI*9999999999~
        CLP*9999999999-999*2*422*99.99**12*999999999999*11~
          NM1*QC*1*XXXXXX*XXXX*E***MI*99999999999~
          NM1*74*1******C*XXX999999999~
          DTM*050*20110429~
          SVC*XX:99999*215*99.99**1~
            DTM*472*20110316~
            CAS*OA*23*999.99~
            REF*6R*999X999999999999999999~
            REF*HPI*9999999999~
            AMT*B6*215~
          SVC*XX:99999*15*0**1~
            DTM*472*20110316~
            CAS*OA*23*15~
            REF*6R*999X999999999999999999~
            REF*HPI*9999999999~
          SVC*XX:99999*68*0**1~
            DTM*472*20110316~
            CAS*OA*23*68~
            REF*6R*999X999999999999999999~
            REF*HPI*9999999999~
          SVC*XX:99999*42*0**1~
            DTM*472*20110316~
            CAS*OA*23*42~
            REF*6R*999X999999999999999999~
            REF*HPI*9999999999~
          SVC*HC:71020*82*9.99**1~
            DTM*472*20110316~
            CAS*OA*23*99.99~
            REF*6R*999X999999999999999999~
            REF*HPI*9999999999~
            AMT*B6*82~
        CLP*9999999999-999*2*9999*999.99**12*999999999999*11~
          NM1*QC*1*XXXXXX*XXXXXX****MI*99999999999~
          NM1*74*1******C*XXX999999999~
          DTM*050*20110502~
          SVC*XX:99999*235*99.99**1~
            DTM*472*20110322~
            CAS*OA*23*223.14~
            REF*6R*999X999999999999999999~
            REF*HPI*9999999999~
            AMT*B6*235~
          SVC*XX:X9999*402*9.99**6~
            DTM*472*20110322~
            CAS*OA*23*999.99~
            REF*6R*999X999999999999999999~
            REF*HPI*9999999999~
            AMT*B6*402~
          SVC*XX:X9999*435*9.99**3~
            DTM*472*20110322~
            CAS*OA*23*427.13~
            REF*6R*999X999999999999999999~
            REF*HPI*9999999999~
            AMT*B6*435~
          SVC*XX:99999*65*9.99**1~
            DTM*472*20110322~
            CAS*OA*23*99.99~
            REF*6R*999X999999999999999999~
            REF*HPI*9999999999~
            AMT*B6*65~
          SVC*XX:99999*364*99.99**2~
            DTM*472*20110322~
            CAS*OA*23*999.99~
            REF*6R*999X999999999999999999~
            REF*HPI*9999999999~
            AMT*B6*364~
          SVC*XX:X9999*210*.54**30~
            DTM*472*20110322~
            CAS*OA*23*999.99~
            REF*6R*999X999999999999999999~
            REF*HPI*9999999999~
            AMT*B6*210~
          SVC*XX:X9999*22*.38**2~
            DTM*472*20110322~
            CAS*OA*23*99.99~
            REF*6R*999X999999999999999999~
            REF*HPI*9999999999~
            AMT*B6*22~
          SVC*XX:X9999*9999*178.26**4~
            DTM*472*20110322~
            CAS*OA*23*9999.99~
            REF*6R*999X999999999999999999~
            REF*HPI*9999999999~
            AMT*B6*9999~
          SVC*XX:X9999*380*99.99**10~
            DTM*472*20110322~
            CAS*OA*23*342.26~
            REF*6R*999X999999999999999999~
            REF*HPI*9999999999~
            AMT*B6*380~
          SVC*XX:99999*68*0**1~
            DTM*472*20110322~
            CAS*OA*23*68~
            REF*6R*999X999999999999999999~
            REF*HPI*9999999999~
          SVC*XX:99999*42*0**1~
            DTM*472*20110322~
            CAS*OA*23*42~
            REF*6R*999X999999999999999999~
            REF*HPI*9999999999~
          SVC*XX:99999:XX*22*0**1~
            DTM*472*20110322~
            CAS*CO*97*22~
            REF*6R*999X999999999999999999~
            REF*HPI*9999999999~
          SVC*HC:71020*82*9.99**1~
            DTM*472*20110322~
            CAS*OA*23*99.99~
            REF*6R*999X999999999999999999~
            REF*HPI*9999999999~
            AMT*B6*82~
        CLP*9999999999-999*2*645*99.99**12*999999999999*11~
          NM1*QC*1*XXXXXX*XXXXXX****MI*99999999999~
          NM1*74*1******C*XXX999999999~
          DTM*050*20110502~
          SVC*XX:99999:99*143*99.99**1~
            DTM*472*20110322~
            CAS*OA*23*999.99~
            REF*6R*999X999999999999999999~
            REF*HPI*9999999999~
            AMT*B6*143~
          SVC*XX:99999*330*99.9**1~
            DTM*472*20110322~
            CAS*OA*23*999.9~
            REF*6R*999X999999999999999999~
            REF*HPI*9999999999~
            AMT*B6*330~
          SVC*XX:99999*172*9.99**1~
            DTM*472*20110322~
            CAS*OA*23*166.08~
            REF*6R*999X999999999999999999~
            REF*HPI*9999999999~
            AMT*B6*172~
        CLP*9999999999-999*1*422*999.99*35*12*999999999999*11~
          NM1*QC*1*XXXXXXXXXXXXXXX*XXXXX*R***MI*XXX999999999~
          DTM*050*20110419~
          SVC*XX:99999*215*121.22**1~
            DTM*472*20110324~
            CAS*CO*45*99.99~
            CAS*PR*3*35~
            REF*6R*999X999999999999999999~
            REF*HPI*9999999999~
            AMT*B6*156.22~
          SVC*XX:99999*15*9.99**1~
            DTM*472*20110324~
            CAS*CO*45*9.99~
            REF*6R*999X999999999999999999~
            REF*HPI*9999999999~
            AMT*B6*9.99~
          SVC*XX:99999*68*99.99**1~
            DTM*472*20110324~
            CAS*CO*45*99.99~
            REF*6R*999X999999999999999999~
            REF*HPI*9999999999~
            AMT*B6*99.99~
          SVC*XX:99999*42*99.99**1~
            DTM*472*20110324~
            CAS*CO*45*99.99~
            REF*6R*999X999999999999999999~
            REF*HPI*9999999999~
            AMT*B6*99.99~
          SVC*HC:71020*82*99.99**1~
            DTM*472*20110324~
            CAS*CO*45*99.99~
            REF*6R*999X999999999999999999~
            REF*HPI*9999999999~
            AMT*B6*99.99~
        CLP*9999999999-999*2*167*9.99**12*999999999999*11~
          NM1*QC*1*XXXXX*XXXX*V***MI*99999999999~
          NM1*74*1******C*XXX999999999~
          DTM*050*20110428~
          SVC*XX:99999*42*9.99**1~
            DTM*472*20110308~
            CAS*OA*23*99.99~
            REF*6R*999X999999999999999999~
            REF*HPI*9999999999~
            AMT*B6*42~
          SVC*XX:99999*15*0**1~
            DTM*472*20110308~
            CAS*OA*23*15~
            REF*6R*999X999999999999999999~
            REF*HPI*9999999999~
          SVC*XX:99999*68*0**1~
            DTM*472*20110308~
            CAS*OA*23*68~
            REF*6R*999X999999999999999999~
            REF*HPI*9999999999~
          SVC*XX:99999*42*0**1~
            DTM*472*20110308~
            CAS*OA*23*42~
            REF*6R*999X999999999999999999~
            REF*HPI*9999999999~
        CLP*9999999999-999*2*215*99.99**12*999999999999*11~
          NM1*QC*1*XXXXX*XXXX*V***MI*99999999999~
          NM1*74*1******C*XXX999999999~
          DTM*050*20110428~
          SVC*XX:99999*215*99.99**1~
            DTM*472*20110310~
            CAS*OA*23*999.99~
            REF*6R*999X999999999999999999~
            REF*HPI*9999999999~
            AMT*B6*215~
        CLP*9999999999-999*1*57*99.99*10*12*999999999999*11~
          NM1*QC*1*XXXXXX*XXXXXX*S***MI*XXX999999999~
          DTM*050*20110412~
          SVC*XX:99999*42*99.99**1~
            DTM*472*20110314~
            CAS*CO*45*99.99~
            CAS*PR*3*10~
            REF*6R*999X999999999999999999~
            REF*HPI*9999999999~
            AMT*B6*99.99~
          SVC*XX:99999*15*9.99**1~
            DTM*472*20110314~
            CAS*CO*45*9.99~
            REF*6R*999X999999999999999999~
            REF*HPI*9999999999~
            AMT*B6*9.99~
        CLP*9999999999-999*1*572*999.99*10*12*999999999999*11~
          NM1*QC*1*XXXXXX*XXXXXX*S***MI*XXX999999999~
          DTM*050*20110412~
          SVC*XX:99999*417*999.99**1~
            DTM*472*20110310~
            CAS*CO*45*999.99~
            CAS*PR*3*10~
            REF*6R*999X999999999999999999~
            REF*HPI*9999999999~
            AMT*B6*999.99~
          SVC*XX:99999*15*9.99**1~
            DTM*472*20110310~
            CAS*CO*45*9.99~
            REF*6R*999X999999999999999999~
            REF*HPI*9999999999~
            AMT*B6*9.99~
          SVC*XX:99999*30*99.99**1~
            DTM*472*20110310~
            CAS*CO*45*99.99~
            REF*6R*999X999999999999999999~
            REF*HPI*9999999999~
            AMT*B6*99.99~
          SVC*XX:99999*68*99.99**1~
            DTM*472*20110310~
            CAS*CO*45*99.99~
            REF*6R*999X999999999999999999~
            REF*HPI*9999999999~
            AMT*B6*99.99~
          SVC*XX:99999*42*99.99**1~
            DTM*472*20110310~
            CAS*CO*45*99.99~
            REF*6R*999X999999999999999999~
            REF*HPI*9999999999~
            AMT*B6*99.99~
        CLP*9999999999-999*1*996*501.23*10*12*999999999999*11~
          NM1*QC*1*XXXXXX*XXXXXX*S***MI*XXX999999999~
          DTM*050*20110413~
          SVC*XX:99999:99*350*999.99**1~
            DTM*472*20110316~
            CAS*CO*45*999.99**59*999.99~
            REF*6R*999X999999999999999999~
            REF*HPI*9999999999~
            AMT*B6*231.18~
          SVC*XX:99999*380*999.99**1~
            DTM*472*20110316~
            CAS*CO*45*999.99~
            REF*6R*999X999999999999999999~
            REF*HPI*9999999999~
            AMT*B6*999.99~
          SVC*XX:99999*115*99.99**1~
            DTM*472*20110316~
            CAS*CO*45*99.99~
            CAS*PR*3*10~
            REF*6R*999X999999999999999999~
            REF*HPI*9999999999~
            AMT*B6*99.99~
          SVC*XX:99999*65*99.99**1~
            DTM*472*20110316~
            CAS*CO*45*99.99~
            REF*6R*999X999999999999999999~
            REF*HPI*9999999999~
            AMT*B6*99.99~
          SVC*XX:X9999*19*9.99**1~
            DTM*472*20110316~
            CAS*CO*45*99.99~
            REF*6R*999X999999999999999999~
            REF*HPI*9999999999~
            AMT*B6*9.99~
          SVC*XX:X9999*10*9.99**1~
            DTM*472*20110316~
            CAS*CO*45*9.99~
            REF*6R*999X999999999999999999~
            REF*HPI*9999999999~
            AMT*B6*9.99~
          SVC*XX:99999*15*9.99**1~
            DTM*472*20110316~
            CAS*CO*45*9.99~
            REF*6R*999X999999999999999999~
            REF*HPI*9999999999~
            AMT*B6*9.99~
          SVC*XX:99999*42*99.99**1~
            DTM*472*20110316~
            CAS*CO*45*99.99~
            REF*6R*999X999999999999999999~
            REF*HPI*9999999999~
            AMT*B6*99.99~
        CLP*9999999999-999*2*542*99.99**12*999999999999*11~
          NM1*QC*1*XXXXXXX*XXXX*G***MI*99999999999~
          NM1*74*1******C*XXX999999999~
          DTM*050*20110428~
          SVC*XX:99999*417*99.99**1~
            DTM*472*20110309~
            CAS*OA*23*999.99~
            REF*6R*999X999999999999999999~
            REF*HPI*9999999999~
            AMT*B6*417~
          SVC*XX:99999*15*0**1~
            DTM*472*20110309~
            CAS*OA*23*15~
            REF*6R*999X999999999999999999~
            REF*HPI*9999999999~
          SVC*XX:99999*68*0**1~
            DTM*472*20110309~
            CAS*OA*23*68~
            REF*6R*999X999999999999999999~
            REF*HPI*9999999999~
          SVC*XX:99999*42*0**1~
            DTM*472*20110309~
            CAS*OA*23*42~
            REF*6R*999X999999999999999999~
            REF*HPI*9999999999~
        CLP*9999999999-999*2*57*9.99**12*999999999999*11~
          NM1*QC*1*XXXXXXX*XXXX*G***MI*99999999999~
          NM1*74*1******C*XXX999999999~
          DTM*050*20110428~
          SVC*XX:99999*42*9.99**1~
            DTM*472*20110314~
            CAS*OA*23*99.99~
            REF*6R*999X999999999999999999~
            REF*HPI*9999999999~
            AMT*B6*42~
          SVC*XX:99999*15*0**1~
            DTM*472*20110314~
            CAS*OA*23*15~
            REF*6R*999X999999999999999999~
            REF*HPI*9999999999~
        CLP*9999999999-999*2*152*9.99**12*999999999999*11~
          NM1*QC*1*XXXXXXX*XXXXXXX*M***MI*99999999999~
          NM1*74*1******C*XXX999999999~
          DTM*050*20110502~
          SVC*XX:99999*42*9.99**1~
            DTM*472*20110322~
            CAS*OA*23*99.99~
            REF*6R*999X999999999999999999~
            REF*HPI*9999999999~
            AMT*B6*42~
          SVC*XX:99999*68*0**1~
            DTM*472*20110322~
            CAS*OA*23*68~
            REF*6R*999X999999999999999999~
            REF*HPI*9999999999~
          SVC*XX:99999*42*0**1~
            DTM*472*20110322~
            CAS*OA*23*42~
            REF*6R*999X999999999999999999~
            REF*HPI*9999999999~
        CLP*9999999999-999*2*417.01*99.99**12*999999999999*11~
          NM1*QC*1*XXXXXXXXX*XXXXXXX*W***MI*99999999999~
          NM1*74*1******C*XXX999999999~
          DTM*050*20110429~
          SVC*XX:99999*215*99.99**1~
            DTM*472*20110315~
            CAS*OA*23*999.99~
            REF*6R*999X999999999999999999~
            REF*HPI*9999999999~
            AMT*B6*215~
          SVC*XX:X9999*.01*0**1~
            DTM*472*20110315~
            CAS*CO*97*.01~
            REF*6R*999X999999999999999999~
            REF*HPI*9999999999~
          SVC*XX:99999*15*0**1~
            DTM*472*20110315~
            CAS*OA*23*15~
            REF*6R*999X999999999999999999~
            REF*HPI*9999999999~
          SVC*XX:99999*63*0**1~
            DTM*472*20110315~
            CAS*OA*23*63~
            REF*6R*999X999999999999999999~
            REF*HPI*9999999999~
          SVC*XX:99999*42*0**1~
            DTM*472*20110315~
            CAS*OA*23*42~
            REF*6R*999X999999999999999999~
            REF*HPI*9999999999~
          SVC*HC:71020*82*9.99**1~
            DTM*472*20110315~
            CAS*OA*23*99.99~
            REF*6R*999X999999999999999999~
            REF*HPI*9999999999~
            AMT*B6*82~
        CLP*9999999999-999*2*498*99.99**12*999999999999*11~
          NM1*QC*1*XXXX*XXXXXXX*M***MI*99999999999~
          NM1*74*1******C*XXX999999999~
          DTM*050*20110429~
          SVC*XX:99999*291*99.99**1~
            DTM*472*20110321~
            CAS*OA*23*999.99~
            REF*6R*999X999999999999999999~
            REF*HPI*9999999999~
            AMT*B6*291~
          SVC*XX:99999*15*0**1~
            DTM*472*20110321~
            CAS*OA*23*15~
            REF*6R*999X999999999999999999~
            REF*HPI*9999999999~
          SVC*XX:99999*68*0**1~
            DTM*472*20110321~
            CAS*OA*23*68~
            REF*6R*999X999999999999999999~
            REF*HPI*9999999999~
          SVC*XX:99999*42*0**1~
            DTM*472*20110321~
            CAS*OA*23*42~
            REF*6R*999X999999999999999999~
            REF*HPI*9999999999~
          SVC*HC:71020*82*9.99**1~
            DTM*472*20110321~
            CAS*OA*23*99.99~
            REF*6R*999X999999999999999999~
            REF*HPI*9999999999~
            AMT*B6*82~
        CLP*9999999999-999*1*419*999.99**12*999999999999*21~
          NM1*QC*1*XXXXXXX*XXXXXX*W***MI*XXXXX9999999~
          DTM*050*20110429~
          SVC*XX:99999*419*999.99**1~
            DTM*472*20110320~
            CAS*CO*45*999.99~
            REF*6R*999X999999999999999999~
            REF*HPI*9999999999~
            AMT*B6*999.99~
        CLP*9999999999-999*1*152*999.9**12*999999999999*21~
          NM1*QC*1*XXXXXXX*XXXXXX*W***MI*XXXXX9999999~
          DTM*050*20110429~
          SVC*XX:99999*152*999.9**1~
            DTM*472*20110321~
            CAS*CO*45*99.9~
            REF*6R*999X999999999999999999~
            REF*HPI*9999999999~
            AMT*B6*999.9~
        CLP*9999999999-999*1*152*999.9**12*999999999999*21~
          NM1*QC*1*XXXXXXX*XXXXXX*W***MI*XXXXX9999999~
          DTM*050*20110429~
          SVC*XX:99999*152*999.9**1~
            DTM*472*20110322~
            CAS*CO*45*99.9~
            REF*6R*999X999999999999999999~
            REF*HPI*9999999999~
            AMT*B6*999.9~
        CLP*9999999999-999*1*152*999.9**12*999999999999*21~
          NM1*QC*1*XXXXXXX*XXXXXX*W***MI*XXXXX9999999~
          DTM*050*20110429~
          SVC*XX:99999*152*999.9**1~
            DTM*472*20110323~
            CAS*CO*45*99.9~
            REF*6R*999X999999999999999999~
            REF*HPI*9999999999~
            AMT*B6*999.9~
        CLP*9999999999-999*1*94*99.99**12*999999999999*21~
          NM1*QC*1*XXXXXXX*XXXXXX*W***MI*XXXXX9999999~
          DTM*050*20110429~
          SVC*XX:99999*94*99.99**1~
            DTM*472*20110324~
            CAS*CO*45*99.99~
            REF*6R*999X999999999999999999~
            REF*HPI*9999999999~
            AMT*B6*99.99~
        CLP*9999999999-999*1*152*999.9**12*999999999999*21~
          NM1*QC*1*XXXXXXX*XXXXXX*W***MI*XXXXX9999999~
          DTM*050*20110429~
          SVC*XX:99999*152*999.9**1~
            DTM*472*20110325~
            CAS*CO*45*99.9~
            REF*6R*999X999999999999999999~
            REF*HPI*9999999999~
            AMT*B6*999.9~
        CLP*9999999999-999*1*94*99.99**12*999999999999*21~
          NM1*QC*1*XXXXXXX*XXXXXX*W***MI*XXXXX9999999~
          DTM*050*20110429~
          SVC*XX:99999*94*99.99**1~
            DTM*472*20110326~
            CAS*CO*45*99.99~
            REF*6R*999X999999999999999999~
            REF*HPI*9999999999~
            AMT*B6*99.99~
        CLP*9999999999-999*1*94*99.99**12*999999999999*21~
          NM1*QC*1*XXXXXXX*XXXXXX*W***MI*XXXXX9999999~
          DTM*050*20110429~
          SVC*XX:99999*94*99.99**1~
            DTM*472*20110327~
            CAS*CO*45*99.99~
            REF*6R*999X999999999999999999~
            REF*HPI*9999999999~
            AMT*B6*99.99~
        CLP*9999999999-999*2*60*9.99**12*999999999999*11~
          NM1*QC*1*XXXXXX*XXXXXX*S***MI*99999999999~
          NM1*74*1******C*XXX999999999~
          DTM*050*20110428~
          SVC*XX:99999*48*9.99**1~
            DTM*472*20110314~
            CAS*OA*23*99.99~
            REF*6R*999X999999999999999999~
            REF*HPI*9999999999~
            AMT*B6*48~
          SVC*XX:X9999*12*.06**1~
            DTM*472*20110314~
            CAS*OA*23*99.99~
            REF*6R*999X999999999999999999~
            REF*HPI*9999999999~
            AMT*B6*12~
        CLP*9999999999-999*1*335*999.99*10*12*999999999999*11~
          NM1*QC*1*XXXXXX*XXXXXXX****MI*XXX999999999~
          DTM*050*20110429~
          SVC*XX:99999*143*99.99**1~
            DTM*472*20110317~
            CAS*CO*45*99.99~
            CAS*PR*3*10~
            REF*6R*999X999999999999999999~
            REF*HPI*9999999999~
            AMT*B6*104.15~
          SVC*XX:99999*68*99.99**1~
            DTM*472*20110317~
            CAS*CO*45*99.99~
            REF*6R*999X999999999999999999~
            REF*HPI*9999999999~
            AMT*B6*99.99~
          SVC*XX:99999*42*99.99**1~
            DTM*472*20110317~
            CAS*CO*45*99.99~
            REF*6R*999X999999999999999999~
            REF*HPI*9999999999~
            AMT*B6*99.99~
          SVC*HC:71020*82*99.99**1~
            DTM*472*20110317~
            CAS*CO*45*99.99~
            REF*6R*999X999999999999999999~
            REF*HPI*9999999999~
            AMT*B6*99.99~
        CLP*9999999999-999*2*9999*999.99**12*999999999999*11~
          NM1*QC*1*XXXXXXXXXXX*WM*D***MI*XXX999999999~
          NM1*IL*1*XXXXXXXXXXX*XXXXXXX*D***MI*99999999999~
          NM1*74*1**WM****C*XXX999999999~
          DTM*050*20110429~
          SVC*XX:99999:99*215*99.99**1~
            DTM*472*20110321~
            CAS*OA*23*999.99~
            REF*6R*999X999999999999999999~
            REF*HPI*9999999999~
            AMT*B6*215~
          SVC*XX:99999*330*99.9**1~
            DTM*472*20110321~
            CAS*OA*23*999.9~
            REF*6R*999X999999999999999999~
            REF*HPI*9999999999~
            AMT*B6*330~
          SVC*XX:99999*344*99.99**2~
            DTM*472*20110321~
            CAS*OA*23*332.15~
            REF*6R*999X999999999999999999~
            REF*HPI*9999999999~
            AMT*B6*344~
          SVC*XX:99999*165*99.9**1~
            DTM*472*20110321~
            CAS*OA*23*999.9~
            REF*6R*999X999999999999999999~
            REF*HPI*9999999999~
            AMT*B6*165~
          SVC*XX:X9999*9999*99.99**4~
            DTM*472*20110321~
            CAS*OA*23*9999.99~
            REF*6R*999X999999999999999999~
            REF*HPI*9999999999~
            AMT*B6*9999~
          SVC*XX:X9999*768*0**12~
            DTM*472*20110321~
            CAS*CO*97*768~
            REF*6R*999X999999999999999999~
            REF*HPI*9999999999~
          SVC*XX:99999*65*9.99**1~
            DTM*472*20110321~
            CAS*OA*23*99.99~
            REF*6R*999X999999999999999999~
            REF*HPI*9999999999~
            AMT*B6*65~
          SVC*XX:99999*182*9.99**1~
            DTM*472*20110321~
            CAS*OA*23*999.99~
            REF*6R*999X999999999999999999~
            REF*HPI*9999999999~
            AMT*B6*182~
          SVC*XX:X9999*140*.36**20~
            DTM*472*20110321~
            CAS*OA*23*999.99~
            REF*6R*999X999999999999999999~
            REF*HPI*9999999999~
            AMT*B6*140~
          SVC*XX:X9999*380*99.99**10~
            DTM*472*20110321~
            CAS*OA*23*342.26~
            REF*6R*999X999999999999999999~
            REF*HPI*9999999999~
            AMT*B6*380~
        CLP*9999999999-999*2*9999*999.99**12*999999999999*11~
          NM1*QC*1*XXXXXXXXXXX*WM*D***MI*XXX999999999~
          NM1*IL*1*XXXXXXXXXXX*XXXXXXX*D***MI*99999999999~
          NM1*74*1**WM****C*XXX999999999~
          DTM*050*20110429~
          SVC*XX:99999:99*43*9.99**1~
            DTM*472*20110321~
            CAS*OA*23*99.99~
            REF*6R*999X999999999999999999~
            REF*HPI*9999999999~
            AMT*B6*43~
          SVC*XX:X9999:XX*9999*116.06**60~
            DTM*472*20110321~
            CAS*OA*23*9999.99~
            REF*6R*999X999999999999999999~
            REF*HPI*9999999999~
            AMT*B6*9999~
          SVC*XX:99999*42*0**1~
            DTM*472*20110321~
            CAS*OA*23*42~
            REF*6R*999X999999999999999999~
            REF*HPI*9999999999~
          SVC*XX:99999:XX*22*0**1~
            DTM*472*20110321~
            CAS*OA*23*22~
            REF*6R*999X999999999999999999~
            REF*HPI*9999999999~
        CLP*9999999999-999*2*9999*254.03**12*999999999999*11~
          NM1*QC*1*XXXXXXXXXXX*WM*D***MI*XXX999999999~
          NM1*IL*1*XXXXXXXXXXX*XXXXXXX*D***MI*99999999999~
          NM1*74*1**WM****C*XXX999999999~
          DTM*050*20110502~
          SVC*XX:99999*330*99.9**1~
            DTM*472*20110322~
            CAS*OA*23*999.9~
            REF*6R*999X999999999999999999~
            REF*HPI*9999999999~
            AMT*B6*330~
          SVC*XX:99999*516*99.99**3~
            DTM*472*20110322~
            CAS*OA*23*498.23~
            REF*6R*999X999999999999999999~
            REF*HPI*9999999999~
            AMT*B6*516~
          SVC*XX:99999*330*99.99**2~
            DTM*472*20110322~
            CAS*OA*23*999.99~
            REF*6R*999X999999999999999999~
            REF*HPI*9999999999~
            AMT*B6*330~
          SVC*XX:X9999*567*9.99**7~
            DTM*472*20110322~
            CAS*OA*23*562.17~
            REF*6R*999X999999999999999999~
            REF*HPI*9999999999~
            AMT*B6*567~
          SVC*XX:X9999*9999*99.99**4~
            DTM*472*20110322~
            CAS*OA*23*9999.99~
            REF*6R*999X999999999999999999~
            REF*HPI*9999999999~
            AMT*B6*9999~
          SVC*XX:X9999*768*0**12~
            DTM*472*20110322~
            CAS*CO*97*768~
            REF*6R*999X999999999999999999~
            REF*HPI*9999999999~
          SVC*XX:99999*65*9.99**1~
            DTM*472*20110322~
            CAS*OA*23*99.99~
            REF*6R*999X999999999999999999~
            REF*HPI*9999999999~
            AMT*B6*65~
          SVC*XX:99999*364*99.99**2~
            DTM*472*20110322~
            CAS*OA*23*999.99~
            REF*6R*999X999999999999999999~
            REF*HPI*9999999999~
            AMT*B6*364~
          SVC*XX:X9999*140*.36**20~
            DTM*472*20110322~
            CAS*OA*23*999.99~
            REF*6R*999X999999999999999999~
            REF*HPI*9999999999~
            AMT*B6*140~
          SVC*XX:X9999*9999*89**2~
            DTM*472*20110322~
            CAS*OA*23*911~
            REF*6R*999X999999999999999999~
            REF*HPI*9999999999~
            AMT*B6*9999~
          SVC*XX:X9999*380*99.99**10~
            DTM*472*20110322~
            CAS*OA*23*342.26~
            REF*6R*999X999999999999999999~
            REF*HPI*9999999999~
            AMT*B6*380~
          SVC*HC:71020*82*9.99**1~
            DTM*472*20110322~
            CAS*OA*23*99.99~
            REF*6R*999X999999999999999999~
            REF*HPI*9999999999~
            AMT*B6*82~
        CLP*9999999999-999*1*143*99.99*20*12*999999999999*11~
          NM1*QC*1*XXXXXX*XXXXX*C***MI*XXX999999999~
          NM1*IL*1*XXXXXX*XXXX*L***MI*XXX999999999~
          DTM*050*20110427~
          SVC*XX:99999*143*99.99**1~
            DTM*472*20110127~
            CAS*CO*45*99.99~
            CAS*PR*3*20~
            REF*6R*999X999999999999999999~
            REF*HPI*9999999999~
            AMT*B6*104.15~
        CLP*9999999999-999*1*158*99.99*20*12*999999999999*11~
          NM1*QC*1*XXXXXX*XXXXX*C***MI*XXX999999999~
          NM1*IL*1*XXXXXX*XXXX*L***MI*XXX999999999~
          DTM*050*20110503~
          SVC*XX:99999*143*99.99**1~
            DTM*472*20110308~
            CAS*CO*45*99.99~
            CAS*PR*3*20~
            REF*6R*999X999999999999999999~
            REF*HPI*9999999999~
            AMT*B6*104.15~
          SVC*XX:99999*15*9.99**1~
            DTM*472*20110308~
            CAS*CO*45*9.99~
            REF*6R*999X999999999999999999~
            REF*HPI*9999999999~
            AMT*B6*9.99~
        CLP*9999999999-999*2*407*99.99**12*999999999999*11~
          NM1*QC*1*XXXXXX*XXXXXX*E***MI*99999999999~
          NM1*74*1******C*XXX999999999~
          DTM*050*20110502~
          SVC*XX:99999*215*99.99**1~
            DTM*472*20110322~
            CAS*OA*23*999.99~
            REF*6R*999X999999999999999999~
            REF*HPI*9999999999~
            AMT*B6*215~
          SVC*XX:99999*68*0**1~
            DTM*472*20110322~
            CAS*OA*23*68~
            REF*6R*999X999999999999999999~
            REF*HPI*9999999999~
          SVC*XX:99999*42*0**1~
            DTM*472*20110322~
            CAS*OA*23*42~
            REF*6R*999X999999999999999999~
            REF*HPI*9999999999~
          SVC*HC:71020*82*9.99**1~
            DTM*472*20110322~
            CAS*OA*23*99.99~
            REF*6R*999X999999999999999999~
            REF*HPI*9999999999~
            AMT*B6*82~
        CLP*9999999999-999*2*9999*999.99**12*999999999999*11~
          NM1*QC*1*XXXXXX*XXXXXX*L***MI*99999999999~
          NM1*74*1******C*XXX999999999~
          DTM*050*20110502~
          SVC*XX:99999:99*215*99.99**1~
            DTM*472*20110322~
            CAS*OA*23*999.99~
            REF*6R*999X999999999999999999~
            REF*HPI*9999999999~
            AMT*B6*215~
          SVC*XX:99999*330*99.9**1~
            DTM*472*20110322~
            CAS*OA*23*999.9~
            REF*6R*999X999999999999999999~
            REF*HPI*9999999999~
            AMT*B6*330~
          SVC*XX:99999*516*99.99**3~
            DTM*472*20110322~
            CAS*OA*23*498.23~
            REF*6R*999X999999999999999999~
            REF*HPI*9999999999~
            AMT*B6*516~
          SVC*XX:X9999*9999*999.99**7~
            DTM*472*20110322~
            CAS*OA*23*9999.99~
            REF*6R*999X999999999999999999~
            REF*HPI*9999999999~
            AMT*B6*9999~
          SVC*XX:99999*182*9.99**1~
            DTM*472*20110322~
            CAS*OA*23*999.99~
            REF*6R*999X999999999999999999~
            REF*HPI*9999999999~
            AMT*B6*182~
          SVC*XX:X9999*12*.15**1~
            DTM*472*20110322~
            CAS*OA*23*99.99~
            REF*6R*999X999999999999999999~
            REF*HPI*9999999999~
            AMT*B6*12~
          SVC*XX:99999*15*0**1~
            DTM*472*20110322~
            CAS*OA*23*15~
            REF*6R*999X999999999999999999~
            REF*HPI*9999999999~
          SVC*XX:99999*68*0**1~
            DTM*472*20110322~
            CAS*OA*23*68~
            REF*6R*999X999999999999999999~
            REF*HPI*9999999999~
          SVC*XX:99999*42*0**1~
            DTM*472*20110322~
            CAS*OA*23*42~
            REF*6R*999X999999999999999999~
            REF*HPI*9999999999~
          SVC*HC:71020*82*9.99**1~
            DTM*472*20110322~
            CAS*OA*23*99.99~
            REF*6R*999X999999999999999999~
            REF*HPI*9999999999~
            AMT*B6*82~
        CLP*99999999-999XXXX9*22*-999*0**12*999999999999*11~
          NM1*QC*1*XXXX*XXXXX*N***MI*XXX999999999~
          DTM*050*20110127~
          SVC*XX:99999*-42*0**1~
            DTM*472*20110103~
            CAS*CR*31*-42~
            REF*6R*999999~
            REF*HPI*9999999999~
          SVC*XX:99999*-68*0**1~
            DTM*472*20110103~
            CAS*CR*31*-68~
            REF*6R*999999~
            REF*HPI*9999999999~
        CLP*99999999-999XXXX9*1*110*0**12*999999999999*11~
          NM1*QC*1*XXXX*XXXXX*N***MI*XXX999999999~
          DTM*050*20110429~
          SVC*XX:99999*42*0**1~
            DTM*472*20110103~
            CAS*OA*18*42~
            REF*6R*999999~
            REF*HPI*9999999999~
          SVC*XX:99999*68*0**1~
            DTM*472*20110103~
            CAS*OA*18*68~
            REF*6R*999999~
            REF*HPI*9999999999~
        CLP*99999999-999XXX99*22*-999*0**12*999999999999*11~
          NM1*QC*1*XXXX*XXXXX*N***MI*XXX999999999~
          DTM*050*20110127~
          SVC*XX:X9999*-999*0**50~
            DTM*472*20110103~
            CAS*CR*31*-999~
            REF*6R*999999~
            REF*HPI*9999999999~
          SVC*XX:99999*-999*0**1~
            DTM*472*20110103~
            CAS*CR*31*-999~
            REF*6R*999999~
            REF*HPI*9999999999~
          SVC*HC:71020*-82*0**1~
            DTM*472*20110103~
            CAS*CR*31*-82~
            REF*6R*999999~
            REF*HPI*9999999999~
        CLP*99999999-999XXX99*1*525*166.16**12*999999999999*11~
          NM1*QC*1*XXXX*XXXXX*N***MI*XXX999999999~
          DTM*050*20110429~
          SVC*XX:X9999*300*99.99**50~
            DTM*472*20110103~
            CAS*CO*45*999.99~
            REF*6R*999999~
            REF*HPI*9999999999~
            AMT*B6*99.99~
          SVC*XX:99999*143*104.15**1~
            DTM*472*20110103~
            CAS*CO*45*99.99~
            REF*6R*999999~
            REF*HPI*9999999999~
            AMT*B6*104.15~
          SVC*HC:71020*82*99.99**1~
            DTM*472*20110103~
            CAS*CO*45*99.99~
            REF*6R*999999~
            REF*HPI*9999999999~
            AMT*B6*99.99~
        CLP*99999999-999XXXX9*22*-999*0**12*999999999999*11~
          NM1*QC*1*XXXX*XXXXX*N***MI*XXX999999999~
          DTM*050*20110131~
          SVC*XX:X9999*-999*0**50~
            DTM*472*20110106~
            CAS*CR*31*-999~
            REF*6R*999999~
            REF*HPI*9999999999~
          SVC*XX:99999*-999*0**1~
            DTM*472*20110106~
            CAS*CR*31*-999~
            REF*6R*999999~
            REF*HPI*9999999999~
        CLP*99999999-999XXXX9*1*443*999.99**12*999999999999*11~
          NM1*QC*1*XXXX*XXXXX*N***MI*XXX999999999~
          DTM*050*20110429~
          SVC*XX:X9999*300*99.99**50~
            DTM*472*20110106~
            CAS*CO*45*999.99~
            REF*6R*999999~
            REF*HPI*9999999999~
            AMT*B6*99.99~
          SVC*XX:99999*143*104.15**1~
            DTM*472*20110106~
            CAS*CO*45*99.99~
            REF*6R*999999~
            REF*HPI*9999999999~
            AMT*B6*104.15~
        CLP*99999999-999XXXX9*22*-999*0**12*999999999999*11~
          NM1*QC*1*XXXX*XXXXX*N***MI*XXX999999999~
          DTM*050*20110131~
          SVC*XX:99999*-42*0**1~
            DTM*472*20110106~
            CAS*CR*31*-42~
            REF*6R*999999~
            REF*HPI*9999999999~
          SVC*XX:99999*-68*0**1~
            DTM*472*20110106~
            CAS*CR*31*-68~
            REF*6R*999999~
            REF*HPI*9999999999~
        CLP*99999999-999XXXX9*1*110*99.99**12*999999999999*11~
          NM1*QC*1*XXXX*XXXXX*N***MI*XXX999999999~
          DTM*050*20110429~
          SVC*XX:99999*42*99.99**1~
            DTM*472*20110106~
            CAS*CO*45*99.99~
            REF*6R*999999~
            REF*HPI*9999999999~
            AMT*B6*99.99~
          SVC*XX:99999*68*99.99**1~
            DTM*472*20110106~
            CAS*CO*45*99.99~
            REF*6R*999999~
            REF*HPI*9999999999~
            AMT*B6*99.99~
        CLP*99999999-999XX9XX*22*-9999*0**12*999999999999*11~
          NM1*QC*1*XXXX*XXXXX*N***MI*XXX999999999~
          DTM*050*20110202~
          SVC*XX:99999:99*-999*0**1~
            DTM*472*20110110~
            CAS*CR*31*-999~
            REF*6R*999999~
            REF*HPI*9999999999~
          SVC*XX:99999*-999*0**1~
            DTM*472*20110110~
            CAS*CR*31*-999~
            REF*6R*999999~
            REF*HPI*9999999999~
          SVC*XX:99999*-999*0**1~
            DTM*472*20110110~
            CAS*CR*31*-999~
            REF*6R*999999~
            REF*HPI*9999999999~
          SVC*XX:X9999*-9999*0**35~
            DTM*472*20110110~
            CAS*CR*31*-9999~
            REF*6R*999999~
            REF*HPI*9999999999~
          SVC*XX:X9999*-18*0**1~
            DTM*472*20110110~
            CAS*CR*31*-18~
            REF*6R*999999~
            REF*HPI*9999999999~
          SVC*XX:X9999*-12*0**1~
            DTM*472*20110110~
            CAS*CR*31*-12~
            REF*6R*999999~
            REF*HPI*9999999999~
          SVC*XX:X9999*-999*0**50~
            DTM*472*20110110~
            CAS*CR*31*-999~
            REF*6R*999999~
            REF*HPI*9999999999~
        CLP*99999999-999XX9XX*1*9999*9999.99**12*999999999999*11~
          NM1*QC*1*XXXX*XXXXX*N***MI*XXX999999999~
          DTM*050*20110429~
          SVC*XX:99999:99*143*104.15**1~
            DTM*472*20110110~
            CAS*CO*45*99.99~
            REF*6R*999999~
            REF*HPI*9999999999~
            AMT*B6*104.15~
          SVC*XX:99999*232*999.99**1~
            DTM*472*20110110~
            CAS*CO*45*99.99~
            REF*6R*999999~
            REF*HPI*9999999999~
            AMT*B6*999.99~
          SVC*XX:99999*182*99.99**1~
            DTM*472*20110110~
            CAS*CO*45*999.99~
            REF*6R*999999~
            REF*HPI*9999999999~
            AMT*B6*99.99~
          SVC*XX:X9999*9999*9999**35~
            DTM*472*20110110~
            REF*6R*999999~
            REF*HPI*9999999999~
            AMT*B6*9999~
          SVC*XX:X9999*18*9.99**1~
            DTM*472*20110110~
            CAS*CO*45*99.99~
            REF*6R*999999~
            REF*HPI*9999999999~
            AMT*B6*9.99~
          SVC*XX:X9999*12*9.99**1~
            DTM*472*20110110~
            CAS*CO*45*99.99~
            REF*6R*999999~
            REF*HPI*9999999999~
            AMT*B6*9.99~
          SVC*XX:X9999*300*99.99**50~
            DTM*472*20110110~
            CAS*CO*45*999.99~
            REF*6R*999999~
            REF*HPI*9999999999~
            AMT*B6*99.99~
        CLP*99999999-999XX9X9*22*-999*0**12*999999999999*11~
          NM1*QC*1*XXXX*XXXXX*N***MI*XXX999999999~
          DTM*050*20110202~
          SVC*XX:99999*-42*0**1~
            DTM*472*20110110~
            CAS*CR*31*-42~
            REF*6R*999999~
            REF*HPI*9999999999~
          SVC*XX:99999*-68*0**1~
            DTM*472*20110110~
            CAS*CR*31*-68~
            REF*6R*999999~
            REF*HPI*9999999999~
        CLP*99999999-999XX9X9*1*110*99.99**12*999999999999*11~
          NM1*QC*1*XXXX*XXXXX*N***MI*XXX999999999~
          DTM*050*20110429~
          SVC*XX:99999*42*99.99**1~
            DTM*472*20110110~
            CAS*CO*45*99.99~
            REF*6R*999999~
            REF*HPI*9999999999~
            AMT*B6*99.99~
          SVC*XX:99999*68*99.99**1~
            DTM*472*20110110~
            CAS*CO*45*99.99~
            REF*6R*999999~
            REF*HPI*9999999999~
            AMT*B6*99.99~
        CLP*99999999-999XXXXX*22*-9999*0**12*999999999999*11~
          NM1*QC*1*XXXX*XXXXX*N***MI*XXX999999999~
          DTM*050*20110207~
          SVC*XX:99999*-999*0**1~
            DTM*472*20110113~
            CAS*CR*31*-999~
            REF*6R*999999~
            REF*HPI*9999999999~
          SVC*XX:99999:99*-999*0**1~
            DTM*472*20110113~
            CAS*CR*31*-999~
            REF*6R*999999~
            REF*HPI*9999999999~
          SVC*XX:99999*-999*0**2~
            DTM*472*20110113~
            CAS*CR*31*-999~
            REF*6R*999999~
            REF*HPI*9999999999~
          SVC*XX:99999*-999*0**1~
            DTM*472*20110113~
            CAS*CR*31*-999~
            REF*6R*999999~
            REF*HPI*9999999999~
          SVC*XX:X9999*-19*0**1~
            DTM*472*20110113~
            CAS*CR*31*-19~
            REF*6R*999999~
            REF*HPI*9999999999~
          SVC*XX:X9999*-9*0**1~
            DTM*472*20110113~
            CAS*CR*31*-9~
            REF*6R*999999~
            REF*HPI*9999999999~
          SVC*XX:X9999*-999*0**50~
            DTM*472*20110113~
            CAS*CR*31*-999~
            REF*6R*999999~
            REF*HPI*9999999999~
          SVC*XX:X9999*-9999*0**35~
            DTM*472*20110113~
            CAS*CR*31*-9999~
            REF*6R*999999~
            REF*HPI*9999999999~
          SVC*XX:X9999*-18*0**1~
            DTM*472*20110113~
            CAS*CR*31*-18~
            REF*6R*999999~
            REF*HPI*9999999999~
          SVC*XX:X9999*-12*0**1~
            DTM*472*20110113~
            CAS*CR*31*-12~
            REF*6R*999999~
            REF*HPI*9999999999~
        CLP*99999999-999XXXXX*1*9999*9999.99**12*999999999999*11~
          NM1*QC*1*XXXX*XXXXX*N***MI*XXX999999999~
          DTM*050*20110429~
          SVC*XX:99999*232*999.99**1~
            DTM*472*20110113~
            CAS*CO*45*99.99~
            REF*6R*999999~
            REF*HPI*9999999999~
            AMT*B6*999.99~
          SVC*XX:99999:99*143*104.15**1~
            DTM*472*20110113~
            CAS*CO*45*99.99~
            REF*6R*999999~
            REF*HPI*9999999999~
            AMT*B6*104.15~
          SVC*XX:99999*130*99.99**2~
            DTM*472*20110113~
            CAS*CO*45*99.99~
            REF*6R*999999~
            REF*HPI*9999999999~
            AMT*B6*99.99~
          SVC*XX:99999*182*99.99**1~
            DTM*472*20110113~
            CAS*CO*45*999.99~
            REF*6R*999999~
            REF*HPI*9999999999~
            AMT*B6*99.99~
          SVC*XX:X9999*19*9.99**1~
            DTM*472*20110113~
            CAS*CO*45*99.99~
            REF*6R*999999~
            REF*HPI*9999999999~
            AMT*B6*9.99~
          SVC*XX:X9999*9*9.99**1~
            DTM*472*20110113~
            CAS*CO*45*9.99~
            REF*6R*999999~
            REF*HPI*9999999999~
            AMT*B6*9.99~
          SVC*XX:X9999*300*99.99**50~
            DTM*472*20110113~
            CAS*CO*45*999.99~
            REF*6R*999999~
            REF*HPI*9999999999~
            AMT*B6*99.99~
          SVC*XX:X9999*9999*9999**35~
            DTM*472*20110113~
            REF*6R*999999~
            REF*HPI*9999999999~
            AMT*B6*9999~
          SVC*XX:X9999*18*9.99**1~
            DTM*472*20110113~
            CAS*CO*45*99.99~
            REF*6R*999999~
            REF*HPI*9999999999~
            AMT*B6*9.99~
          SVC*XX:X9999*12*9.99**1~
            DTM*472*20110113~
            CAS*CO*45*99.99~
            REF*6R*999999~
            REF*HPI*9999999999~
            AMT*B6*9.99~
        CLP*99999999-999XXXXX*22*-999*0**12*999999999999*11~
          NM1*QC*1*XXXX*XXXXX*N***MI*XXX999999999~
          DTM*050*20110207~
          SVC*XX:99999*-42*0**1~
            DTM*472*20110113~
            CAS*CR*31*-42~
            REF*6R*999999~
            REF*HPI*9999999999~
          SVC*XX:99999*-68*0**1~
            DTM*472*20110113~
            CAS*CR*31*-68~
            REF*6R*999999~
            REF*HPI*9999999999~
        CLP*99999999-999XXXXX*1*110*99.99**12*999999999999*11~
          NM1*QC*1*XXXX*XXXXX*N***MI*XXX999999999~
          DTM*050*20110429~
          SVC*XX:99999*42*99.99**1~
            DTM*472*20110113~
            CAS*CO*45*99.99~
            REF*6R*999999~
            REF*HPI*9999999999~
            AMT*B6*99.99~
          SVC*XX:99999*68*99.99**1~
            DTM*472*20110113~
            CAS*CO*45*99.99~
            REF*6R*999999~
            REF*HPI*9999999999~
            AMT*B6*99.99~
        CLP*99999999-999XX999*22*-9999*0**12*999999999999*11~
          NM1*QC*1*XXXX*XXXXX*N***MI*XXX999999999~
          DTM*050*20110208~
          SVC*XX:X9999*-9*0**1~
            DTM*472*20110117~
            CAS*CR*31*-9~
            REF*6R*999999~
            REF*HPI*9999999999~
          SVC*XX:99999*-999*0**2~
            DTM*472*20110117~
            CAS*CR*31*-999~
            REF*6R*999999~
            REF*HPI*9999999999~
          SVC*XX:99999*-999*0**1~
            DTM*472*20110117~
            CAS*CR*31*-999~
            REF*6R*999999~
            REF*HPI*9999999999~
          SVC*XX:99999*-999*0**1~
            DTM*472*20110117~
            CAS*CR*31*-999~
            REF*6R*999999~
            REF*HPI*9999999999~
          SVC*XX:99999:99*-999*0**1~
            DTM*472*20110117~
            CAS*CR*31*-999~
            REF*6R*999999~
            REF*HPI*9999999999~
          SVC*XX:X9999*-999*0**50~
            DTM*472*20110117~
            CAS*CR*31*-999~
            REF*6R*999999~
            REF*HPI*9999999999~
          SVC*XX:X9999*-9999*0**35~
            DTM*472*20110117~
            CAS*CR*31*-9999~
            REF*6R*999999~
            REF*HPI*9999999999~
          SVC*XX:X9999*-18*0**1~
            DTM*472*20110117~
            CAS*CR*31*-18~
            REF*6R*999999~
            REF*HPI*9999999999~
          SVC*XX:X9999*-19*0**1~
            DTM*472*20110117~
            CAS*CR*31*-19~
            REF*6R*999999~
            REF*HPI*9999999999~
          SVC*XX:X9999*-12*0**1~
            DTM*472*20110117~
            CAS*CR*31*-12~
            REF*6R*999999~
            REF*HPI*9999999999~
        CLP*99999999-999XX999*1*9999*0**12*999999999999*11~
          NM1*QC*1*XXXX*XXXXX*N***MI*XXX999999999~
          DTM*050*20110429~
          SVC*XX:X9999*9*0**1~
            DTM*472*20110117~
            CAS*OA*18*9~
            REF*6R*999999~
            REF*HPI*9999999999~
          SVC*XX:99999*130*0**2~
            DTM*472*20110117~
            CAS*OA*18*130~
            REF*6R*999999~
            REF*HPI*9999999999~
          SVC*XX:99999*232*0**1~
            DTM*472*20110117~
            CAS*OA*18*232~
            REF*6R*999999~
            REF*HPI*9999999999~
          SVC*XX:99999*182*0**1~
            DTM*472*20110117~
            CAS*OA*18*182~
            REF*6R*999999~
            REF*HPI*9999999999~
          SVC*XX:99999:99*143*0**1~
            DTM*472*20110117~
            CAS*OA*18*143~
            REF*6R*999999~
            REF*HPI*9999999999~
          SVC*XX:X9999*300*0**50~
            DTM*472*20110117~
            CAS*OA*18*300~
            REF*6R*999999~
            REF*HPI*9999999999~
          SVC*XX:X9999*9999*0**35~
            DTM*472*20110117~
            CAS*OA*18*9999~
            REF*6R*999999~
            REF*HPI*9999999999~
          SVC*XX:X9999*18*0**1~
            DTM*472*20110117~
            CAS*OA*18*18~
            REF*6R*999999~
            REF*HPI*9999999999~
          SVC*XX:X9999*19*0**1~
            DTM*472*20110117~
            CAS*OA*18*19~
            REF*6R*999999~
            REF*HPI*9999999999~
          SVC*XX:X9999*12*0**1~
            DTM*472*20110117~
            CAS*OA*18*12~
            REF*6R*999999~
            REF*HPI*9999999999~
        CLP*99999999-999XX99X*22*-999*0**12*999999999999*11~
          NM1*QC*1*XXXX*XXXXX*N***MI*XXX999999999~
          DTM*050*20110208~
          SVC*XX:99999*-42*0**1~
            DTM*472*20110117~
            CAS*CR*31*-42~
            REF*6R*999999~
            REF*HPI*9999999999~
          SVC*XX:99999*-63*0**1~
            DTM*472*20110117~
            CAS*CR*31*-63~
            REF*6R*999999~
            REF*HPI*9999999999~
        CLP*99999999-999XX99X*1*105*99.99**12*999999999999*11~
          NM1*QC*1*XXXX*XXXXX*N***MI*XXX999999999~
          DTM*050*20110429~
          SVC*XX:99999*42*99.99**1~
            DTM*472*20110117~
            CAS*CO*45*99.99~
            REF*6R*999999~
            REF*HPI*9999999999~
            AMT*B6*99.99~
          SVC*XX:99999*63*99.99**1~
            DTM*472*20110117~
            CAS*CO*45*99.99~
            REF*6R*999999~
            REF*HPI*9999999999~
            AMT*B6*99.99~
        CLP*99999999-999XXX99*22*-999*0**12*999999999999*11~
          NM1*QC*1*XXXX*XXXXX*N***MI*XXX999999999~
          DTM*050*20110209~
          SVC*XX:99999*-42*0**1~
            DTM*472*20110110~
            CAS*CR*31*-42~
            REF*6R*999999~
            REF*HPI*9999999999~
          SVC*XX:99999*-68*0**1~
            DTM*472*20110110~
            CAS*CR*31*-68~
            REF*6R*999999~
            REF*HPI*9999999999~
        CLP*99999999-999XXX99*1*110*0**12*999999999999*11~
          NM1*QC*1*XXXX*XXXXX*N***MI*XXX999999999~
          DTM*050*20110429~
          SVC*XX:99999*42*0**1~
            DTM*472*20110110~
            CAS*OA*18*42~
            REF*6R*999999~
            REF*HPI*9999999999~
          SVC*XX:99999*68*0**1~
            DTM*472*20110110~
            CAS*OA*18*68~
            REF*6R*999999~
            REF*HPI*9999999999~
        CLP*99999999-999XXXXX*22*-999*0**12*999999999999*11~
          NM1*QC*1*XXXX*XXXXX*N***MI*XXX999999999~
          DTM*050*20110209~
          SVC*XX:99999*-42*0**1~
            DTM*472*20110117~
            CAS*CR*31*-42~
            REF*6R*999999~
            REF*HPI*9999999999~
          SVC*XX:99999*-63*0**1~
            DTM*472*20110117~
            CAS*CR*31*-63~
            REF*6R*999999~
            REF*HPI*9999999999~
        CLP*99999999-999XXXXX*1*105*0**12*999999999999*11~
          NM1*QC*1*XXXX*XXXXX*N***MI*XXX999999999~
          DTM*050*20110429~
          SVC*XX:99999*42*0**1~
            DTM*472*20110117~
            CAS*OA*18*42~
            REF*6R*999999~
            REF*HPI*9999999999~
          SVC*XX:99999*63*0**1~
            DTM*472*20110117~
            CAS*OA*18*63~
            REF*6R*999999~
            REF*HPI*9999999999~
        CLP*99999999-999XXXX9*22*-999*0**12*999999999999*11~
          NM1*QC*1*XXXX*XXXXX*N***MI*XXX999999999~
          DTM*050*20110209~
          SVC*XX:X9999*-999*0**50~
            DTM*472*20110106~
            CAS*CR*31*-999~
            REF*6R*999999~
            REF*HPI*9999999999~
          SVC*XX:99999*-999*0**1~
            DTM*472*20110106~
            CAS*CR*31*-999~
            REF*6R*999999~
            REF*HPI*9999999999~
        CLP*99999999-999XXXX9*1*443*0**12*999999999999*11~
          NM1*QC*1*XXXX*XXXXX*N***MI*XXX999999999~
          DTM*050*20110429~
          SVC*XX:X9999*300*0**50~
            DTM*472*20110106~
            CAS*OA*18*300~
            REF*6R*999999~
            REF*HPI*9999999999~
          SVC*XX:99999*143*0**1~
            DTM*472*20110106~
            CAS*OA*18*143~
            REF*6R*999999~
            REF*HPI*9999999999~
        CLP*99999999-999XXXX9*22*-999*0**12*999999999999*11~
          NM1*QC*1*XXXX*XXXXX*N***MI*XXX999999999~
          DTM*050*20110209~
          SVC*XX:99999*-42*0**1~
            DTM*472*20110106~
            CAS*CR*31*-42~
            REF*6R*999999~
            REF*HPI*9999999999~
          SVC*XX:99999*-68*0**1~
            DTM*472*20110106~
            CAS*CR*31*-68~
            REF*6R*999999~
            REF*HPI*9999999999~
        CLP*99999999-999XXXX9*1*110*0**12*999999999999*11~
          NM1*QC*1*XXXX*XXXXX*N***MI*XXX999999999~
          DTM*050*20110429~
          SVC*XX:99999*42*0**1~
            DTM*472*20110106~
            CAS*OA*18*42~
            REF*6R*999999~
            REF*HPI*9999999999~
          SVC*XX:99999*68*0**1~
            DTM*472*20110106~
            CAS*OA*18*68~
            REF*6R*999999~
            REF*HPI*9999999999~
        CLP*99999999-999XXXXX*22*-999*0**12*999999999999*11~
          NM1*QC*1*XXXX*XXXXX*N***MI*XXX999999999~
          DTM*050*20110209~
          SVC*XX:X9999*-999*0**50~
            DTM*472*20110103~
            CAS*CR*31*-999~
            REF*6R*999999~
            REF*HPI*9999999999~
          SVC*XX:99999*-999*0**1~
            DTM*472*20110103~
            CAS*CR*31*-999~
            REF*6R*999999~
            REF*HPI*9999999999~
          SVC*HC:71020*-82*0**1~
            DTM*472*20110103~
            CAS*CR*31*-82~
            REF*6R*999999~
            REF*HPI*9999999999~
        CLP*99999999-999XXXXX*1*525*0**12*999999999999*11~
          NM1*QC*1*XXXX*XXXXX*N***MI*XXX999999999~
          DTM*050*20110429~
          SVC*XX:X9999*300*0**50~
            DTM*472*20110103~
            CAS*OA*18*300~
            REF*6R*999999~
            REF*HPI*9999999999~
          SVC*XX:99999*143*0**1~
            DTM*472*20110103~
            CAS*OA*18*143~
            REF*6R*999999~
            REF*HPI*9999999999~
          SVC*HC:71020*82*0**1~
            DTM*472*20110103~
            CAS*OA*18*82~
            REF*6R*999999~
            REF*HPI*9999999999~
        CLP*99999999-999XXXXX*22*-999*0**12*999999999999*11~
          NM1*QC*1*XXXX*XXXXX*N***MI*XXX999999999~
          DTM*050*20110209~
          SVC*XX:99999*-42*0**1~
            DTM*472*20110113~
            CAS*CR*31*-42~
            REF*6R*999999~
            REF*HPI*9999999999~
          SVC*XX:99999*-68*0**1~
            DTM*472*20110113~
            CAS*CR*31*-68~
            REF*6R*999999~
            REF*HPI*9999999999~
        CLP*99999999-999XXXXX*1*110*0**12*999999999999*11~
          NM1*QC*1*XXXX*XXXXX*N***MI*XXX999999999~
          DTM*050*20110429~
          SVC*XX:99999*42*0**1~
            DTM*472*20110113~
            CAS*OA*18*42~
            REF*6R*999999~
            REF*HPI*9999999999~
          SVC*XX:99999*68*0**1~
            DTM*472*20110113~
            CAS*OA*18*68~
            REF*6R*999999~
            REF*HPI*9999999999~
        CLP*99999999-999XXXXX*22*-999*0**12*999999999999*11~
          NM1*QC*1*XXXX*XXXXX*N***MI*XXX999999999~
          DTM*050*20110209~
          SVC*XX:99999*-42*0**1~
            DTM*472*20110103~
            CAS*CR*31*-42~
            REF*6R*999999~
            REF*HPI*9999999999~
          SVC*XX:99999*-68*0**1~
            DTM*472*20110103~
            CAS*CR*31*-68~
            REF*6R*999999~
            REF*HPI*9999999999~
        CLP*99999999-999XXXXX*1*110*99.99**12*999999999999*11~
          NM1*QC*1*XXXX*XXXXX*N***MI*XXX999999999~
          DTM*050*20110429~
          SVC*XX:99999*42*99.99**1~
            DTM*472*20110103~
            CAS*CO*45*99.99~
            REF*6R*999999~
            REF*HPI*9999999999~
            AMT*B6*99.99~
          SVC*XX:99999*68*99.99**1~
            DTM*472*20110103~
            CAS*CO*45*99.99~
            REF*6R*999999~
            REF*HPI*9999999999~
            AMT*B6*99.99~
        CLP*99999999-999X999X*22*-999*0**12*999999999999*11~
          NM1*QC*1*XXXX*XXXXX*N***MI*XXX999999999~
          DTM*050*20110214~
          SVC*XX:99999*-42*0**1~
            DTM*472*20110120~
            CAS*CR*31*-42~
            REF*6R*999999~
            REF*HPI*9999999999~
          SVC*XX:99999*-68*0**1~
            DTM*472*20110120~
            CAS*CR*31*-68~
            REF*6R*999999~
            REF*HPI*9999999999~
        CLP*99999999-999X999X*1*110*99.99**12*999999999999*11~
          NM1*QC*1*XXXX*XXXXX*N***MI*XXX999999999~
          DTM*050*20110429~
          SVC*XX:99999*42*99.99**1~
            DTM*472*20110120~
            CAS*CO*45*99.99~
            REF*6R*999999~
            REF*HPI*9999999999~
            AMT*B6*99.99~
          SVC*XX:99999*68*99.99**1~
            DTM*472*20110120~
            CAS*CO*45*99.99~
            REF*6R*999999~
            REF*HPI*9999999999~
            AMT*B6*99.99~
        CLP*99999999-999X999X*22*-9999*0**12*999999999999*11~
          NM1*QC*1*XXXX*XXXXX*N***MI*XXX999999999~
          DTM*050*20110214~
          SVC*XX:99999*-999*0**2~
            DTM*472*20110120~
            CAS*CR*31*-999~
            REF*6R*999999~
            REF*HPI*9999999999~
          SVC*XX:99999*-999*0**1~
            DTM*472*20110120~
            CAS*CR*31*-999~
            REF*6R*999999~
            REF*HPI*9999999999~
          SVC*XX:99999:99*-999*0**1~
            DTM*472*20110120~
            CAS*CR*31*-999~
            REF*6R*999999~
            REF*HPI*9999999999~
          SVC*XX:X9999*-18*0**1~
            DTM*472*20110120~
            CAS*CR*31*-18~
            REF*6R*999999~
            REF*HPI*9999999999~
          SVC*XX:X9999*-19*0**1~
            DTM*472*20110120~
            CAS*CR*31*-19~
            REF*6R*999999~
            REF*HPI*9999999999~
          SVC*XX:X9999*-999*0**50~
            DTM*472*20110120~
            CAS*CR*31*-999~
            REF*6R*999999~
            REF*HPI*9999999999~
          SVC*XX:X9999*-12*0**1~
            DTM*472*20110120~
            CAS*CR*31*-12~
            REF*6R*999999~
            REF*HPI*9999999999~
          SVC*XX:X9999*-9999*0**35~
            DTM*472*20110120~
            CAS*CR*31*-9999~
            REF*6R*999999~
            REF*HPI*9999999999~
          SVC*XX:X9999*-9*0**1~
            DTM*472*20110120~
            CAS*CR*31*-9~
            REF*6R*999999~
            REF*HPI*9999999999~
          SVC*XX:99999*-999*0**1~
            DTM*472*20110120~
            CAS*CR*31*-999~
            REF*6R*999999~
            REF*HPI*9999999999~
        CLP*99999999-999X999X*1*9999*9999**12*999999999999*11~
          NM1*QC*1*XXXX*XXXXX*N***MI*XXX999999999~
          DTM*050*20110429~
          SVC*XX:99999*130*99.99**2~
            DTM*472*20110120~
            CAS*CO*45*99.99~
            REF*6R*999999~
            REF*HPI*9999999999~
            AMT*B6*99.99~
          SVC*XX:99999*182*99.99**1~
            DTM*472*20110120~
            CAS*CO*45*999.99~
            REF*6R*999999~
            REF*HPI*9999999999~
            AMT*B6*99.99~
          SVC*XX:99999:99*143*104.15**1~
            DTM*472*20110120~
            CAS*CO*45*99.99~
            REF*6R*999999~
            REF*HPI*9999999999~
            AMT*B6*104.15~
          SVC*XX:X9999*18*9.99**1~
            DTM*472*20110120~
            CAS*CO*45*99.99~
            REF*6R*999999~
            REF*HPI*9999999999~
            AMT*B6*9.99~
          SVC*XX:X9999*19*9.99**1~
            DTM*472*20110120~
            CAS*CO*45*99.99~
            REF*6R*999999~
            REF*HPI*9999999999~
            AMT*B6*9.99~
          SVC*XX:X9999*300*99.99**50~
            DTM*472*20110120~
            CAS*CO*45*999.99~
            REF*6R*999999~
            REF*HPI*9999999999~
            AMT*B6*14~
          SVC*XX:X9999*12*9.99**1~
            DTM*472*20110120~
            CAS*CO*45*99.99~
            REF*6R*999999~
            REF*HPI*9999999999~
            AMT*B6*9.99~
          SVC*XX:X9999*9999*9999**35~
            DTM*472*20110120~
            REF*6R*999999~
            REF*HPI*9999999999~
            AMT*B6*9999~
          SVC*XX:X9999*9*2.8**1~
            DTM*472*20110120~
            CAS*CO*45*6.2~
            REF*6R*999999~
            REF*HPI*9999999999~
            AMT*B6*2.8~
          SVC*XX:99999*232*999.99**1~
            DTM*472*20110120~
            CAS*CO*45*99.99~
            REF*6R*999999~
            REF*HPI*9999999999~
            AMT*B6*999.99~
        CLP*99999999-999XXXX9*1*110*0**12*999999999999*11~
          NM1*QC*1*XXXX*XXXXX****MI*XXX999999999~
          DTM*050*20110429~
          SVC*XX:99999*42*0**1~
            DTM*472*20110103~
            CAS*OA*18*42~
            REF*HPI*9999999999~
          SVC*XX:99999*68*0**1~
            DTM*472*20110103~
            CAS*OA*18*68~
            REF*HPI*9999999999~
        CLP*99999999-999XX9X*1*9999*0**12*999999999999*11~
          NM1*QC*1*XXXX*XXXXX****MI*XXX999999999~
          DTM*050*20110429~
          SVC*XX:99999:99*143*0**1~
            DTM*472*20110110~
            CAS*OA*18*143~
            REF*HPI*9999999999~
          SVC*XX:99999*232*0**1~
            DTM*472*20110110~
            CAS*OA*18*232~
            REF*HPI*9999999999~
          SVC*XX:99999*182*0**1~
            DTM*472*20110110~
            CAS*OA*18*182~
            REF*HPI*9999999999~
          SVC*XX:X9999*9999*0**35~
            DTM*472*20110110~
            CAS*OA*18*9999~
            REF*HPI*9999999999~
          SVC*XX:X9999*18*0**1~
            DTM*472*20110110~
            CAS*OA*18*18~
            REF*HPI*9999999999~
          SVC*XX:X9999*12*0**1~
            DTM*472*20110110~
            CAS*OA*18*12~
            REF*HPI*9999999999~
          SVC*XX:X9999*300*0**50~
            DTM*472*20110110~
            CAS*OA*18*300~
            REF*HPI*9999999999~
        CLP*99999999-999XXXXX*1*110*0**12*999999999999*11~
          NM1*QC*1*XXXX*XXXXX****MI*XXX999999999~
          DTM*050*20110429~
          SVC*XX:99999*42*0**1~
            DTM*472*20110113~
            CAS*OA*18*42~
            REF*HPI*9999999999~
          SVC*XX:99999*68*0**1~
            DTM*472*20110113~
            CAS*OA*18*68~
            REF*HPI*9999999999~
        CLP*99999999-999X999*1*9999*0**12*999999999999*11~
          NM1*QC*1*XXXX*XXXXX****MI*XXX999999999~
          DTM*050*20110429~
          SVC*XX:99999*130*0**2~
            DTM*472*20110120~
            CAS*OA*18*130~
            REF*HPI*9999999999~
          SVC*XX:99999*182*0**1~
            DTM*472*20110120~
            CAS*OA*18*182~
            REF*HPI*9999999999~
          SVC*XX:99999:99*143*0**1~
            DTM*472*20110120~
            CAS*OA*18*143~
            REF*HPI*9999999999~
          SVC*XX:X9999*18*0**1~
            DTM*472*20110120~
            CAS*OA*18*18~
            REF*HPI*9999999999~
          SVC*XX:X9999*19*0**1~
            DTM*472*20110120~
            CAS*OA*18*19~
            REF*HPI*9999999999~
          SVC*XX:X9999*300*0**50~
            DTM*472*20110120~
            CAS*OA*18*300~
            REF*HPI*9999999999~
          SVC*XX:X9999*12*0**1~
            DTM*472*20110120~
            CAS*OA*18*12~
            REF*HPI*9999999999~
          SVC*XX:X9999*9999*0**35~
            DTM*472*20110120~
            CAS*OA*18*9999~
            REF*HPI*9999999999~
          SVC*XX:X9999*9*0**1~
            DTM*472*20110120~
            CAS*OA*18*9~
            REF*HPI*9999999999~
          SVC*XX:99999*232*0**1~
            DTM*472*20110120~
            CAS*OA*18*232~
            REF*HPI*9999999999~
        CLP*9999999999-999*2*9999*606.13**12*999999999999*11~
          NM1*QC*1*XXXXXX*XXXXXX*A***MI*99999999999~
          NM1*74*1******C*XXX999999999~
          DTM*050*20110428~
          SVC*XX:99999:99*215*99.99**1~
            DTM*472*20110308~
            CAS*OA*23*999.99~
            REF*6R*999X999999999999999999~
            REF*HPI*9999999999~
            AMT*B6*215~
          SVC*XX:99999*330*99.9**1~
            DTM*472*20110308~
            CAS*OA*23*999.9~
            REF*6R*999X999999999999999999~
            REF*HPI*9999999999~
            AMT*B6*330~
          SVC*XX:99999*172*9.99**1~
            DTM*472*20110308~
            CAS*OA*23*166.08~
            REF*6R*999X999999999999999999~
            REF*HPI*9999999999~
            AMT*B6*172~
          SVC*XX:X9999*9999*999.9**40~
            DTM*472*20110308~
            CAS*OA*23*9999.9~
            REF*6R*999X999999999999999999~
            REF*HPI*9999999999~
            AMT*B6*9999~
          SVC*XX:99999*182*9.99**1~
            DTM*472*20110308~
            CAS*OA*23*999.99~
            REF*6R*999X999999999999999999~
            REF*HPI*9999999999~
            AMT*B6*182~
          SVC*XX:X9999*12*.15**1~
            DTM*472*20110308~
            CAS*OA*23*99.99~
            REF*6R*999X999999999999999999~
            REF*HPI*9999999999~
            AMT*B6*12~
          SVC*XX:99999*68*0**1~
            DTM*472*20110308~
            CAS*OA*23*68~
            REF*6R*999X999999999999999999~
            REF*HPI*9999999999~
          SVC*XX:99999*42*0**1~
            DTM*472*20110308~
            CAS*OA*23*42~
            REF*6R*999X999999999999999999~
            REF*HPI*9999999999~
        CLP*99999999-999X9XXX*1*904*999.99**12*999999999999*11~
          NM1*QC*1*XXXXXX*XXXXXX*K***MI*XXX999XX9999~
          DTM*050*20110301~
          SVC*XX:99999*15*9.99**1~
            DTM*472*20110203~
            CAS*CO*45*9.99~
            REF*6R*999999~
            REF*HPI*9999999999~
            AMT*B6*9.99~
          SVC*HC:71020*82*99.99**1~
            DTM*472*20110203~
            CAS*CO*45*99.99~
            REF*6R*999999~
            REF*HPI*9999999999~
            AMT*B6*99.99~
          SVC*XX:99999:XX*88*99.99**1~
            DTM*472*20110203~
            CAS*CO*45*99.99~
            REF*6R*999999~
            REF*HPI*9999999999~
            AMT*B6*99.99~
          SVC*XX:99999:XX*65*99.99**1~
            DTM*472*20110203~
            CAS*CO*45*99.99~
            REF*6R*999999~
            REF*HPI*9999999999~
            AMT*B6*99.99~
          SVC*XX:99999:XX*110*99.99**1~
            DTM*472*20110203~
            CAS*CO*45*99.99~
            REF*6R*999999~
            REF*HPI*9999999999~
            AMT*B6*99.99~
          SVC*XX:99999:XX*110*99.99**1~
            DTM*472*20110203~
            CAS*CO*45*99.99~
            REF*6R*999999~
            REF*HPI*9999999999~
            AMT*B6*99.99~
          SVC*XX:99999:XX*65*99.99**1~
            DTM*472*20110203~
            CAS*CO*45*99.99~
            REF*6R*999999~
            REF*HPI*9999999999~
            AMT*B6*99.99~
          SVC*XX:99999:XX:99*77*99.99**1~
            DTM*472*20110203~
            CAS*CO*45*99.99~
            REF*6R*999999~
            REF*HPI*9999999999~
            AMT*B6*99.99~
          SVC*XX:99999:XX:99*77*99.9**1~
            DTM*472*20110203~
            CAS*CO*45*99.9~
            REF*6R*999999~
            REF*HPI*9999999999~
            AMT*B6*99.9~
          SVC*XX:99999*215*156.22**1~
            DTM*472*20110203~
            CAS*CO*45*99.99~
            REF*6R*999999~
            REF*HPI*9999999999~
            AMT*B6*156.22~
        CLP*9999999999-999*1*419*999.99**12*999999999999*21~
          NM1*QC*1*XXXXX*XXXXX*J***MI*XXX99X999999~
          NM1*IL*1*XXXXX*XXXX****MI*XXX99X999999~
          DTM*050*20110429~
          SVC*XX:99999*419*999.99**1~
            DTM*472*20110322~
            CAS*CO*45*999.99~
            REF*6R*999X999999999999999999~
            REF*HPI*9999999999~
            AMT*B6*999.99~
        CLP*9999999999-999*1*152*999.9**12*999999999999*21~
          NM1*QC*1*XXXXX*XXXXX*J***MI*XXX99X999999~
          NM1*IL*1*XXXXX*XXXX****MI*XXX99X999999~
          DTM*050*20110429~
          SVC*XX:99999*152*999.9**1~
            DTM*472*20110323~
            CAS*CO*45*99.9~
            REF*6R*999X999999999999999999~
            REF*HPI*9999999999~
            AMT*B6*999.9~
        CLP*9999999999-999*1*152*999.9**12*999999999999*21~
          NM1*QC*1*XXXXX*XXXXX*J***MI*XXX99X999999~
          NM1*IL*1*XXXXX*XXXX****MI*XXX99X999999~
          DTM*050*20110429~
          SVC*XX:99999*152*999.9**1~
            DTM*472*20110324~
            CAS*CO*45*99.9~
            REF*6R*999X999999999999999999~
            REF*HPI*9999999999~
            AMT*B6*999.9~
        CLP*9999999999-999*1*152*999.9**12*999999999999*21~
          NM1*QC*1*XXXXX*XXXXX*J***MI*XXX99X999999~
          NM1*IL*1*XXXXX*XXXX****MI*XXX99X999999~
          DTM*050*20110429~
          SVC*XX:99999*152*999.9**1~
            DTM*472*20110325~
            CAS*CO*45*99.9~
            REF*6R*999X999999999999999999~
            REF*HPI*9999999999~
            AMT*B6*999.9~
        CLP*9999999999-999*2*340*99.99**12*999999999999*11~
          NM1*QC*1*XXXXXXXX*XXXXXXX*H**JR*MI*XXX999999999~
          NM1*IL*1*XXXXXXXXXX*XXXXXXX*H***MI*99999999999~
          NM1*74*1*XXXXXXXX*****C*XXX999999999~
          DTM*050*20110429~
          SVC*XX:99999*215*99.99**1~
            DTM*472*20110321~
            CAS*OA*23*999.99~
            REF*6R*999X999999999999999999~
            REF*HPI*9999999999~
            AMT*B6*215~
          SVC*XX:99999*15*0**1~
            DTM*472*20110321~
            CAS*OA*23*15~
            REF*6R*999X999999999999999999~
            REF*HPI*9999999999~
          SVC*XX:99999*68*0**1~
            DTM*472*20110321~
            CAS*OA*23*68~
            REF*6R*999X999999999999999999~
            REF*HPI*9999999999~
          SVC*XX:99999*42*0**1~
            DTM*472*20110321~
            CAS*OA*23*42~
            REF*6R*999X999999999999999999~
            REF*HPI*9999999999~
    SE*2357*999999~
  GE*1*999999~
IEA*1*999999999~