ISA*00*          *00*          *ZZ*ORDHS          *ZZ*TP000536       *110430*0516*U*00401*000000031*0*P*:~
  GS*RA*ORDHS*TP000536*20110430*051643*22*X*004010X061A1~
    ST*820*22001~
      BPR*I*99999.99*C*ACH*CCP*01*999999999*DA*999999999*9999999999**01*999999999*DA*999999999*20110503~
      TRN*3*999999999*9999999999~
      REF*14*999999~
      DTM*582****RD8*20110429-20110429~
      N1*PE*XXXXX, XXX*FI*999999999~
      N1*PR*XXXXXX XXX*FI*999999999~
      ENT*1*2J*EI*XX99999XX9XX999999~
        NM1*QE*1*XXXX*XXXX*M***N*XX99999X~
        RMR*IK*999999999**16971.04*0~
          DTM*582****RD8*20100201-20100228~
          ADX*16971.04*53~
      ENT*2*2J*EI*XX999X9X99XX999999~
        NM1*QE*1*XXXXXXX*XXXXXXX*G***N*XX999X9X~
        RMR*IK*999999999**246.06*0~
          DTM*582****RD8*20110419-20110430~
          ADX*246.06*53~
      ENT*3*2J*EI*XX999X9XX9XX999999~
        NM1*QE*1*XXXXX*XXXX XXX*C***N*AN201B1Y~
        RMR*IK*999999999**328.07*0~
          DTM*582****RD8*20110415-20110430~
          ADX*328.07*53~
      ENT*4*2J*EI*XX999X9XXXXX999999~
        NM1*QE*1*XXXXXXXX*XXXXXX*A***N*XX999X9X~
        RMR*IK*999999999**999.99*0~
          DTM*582****RD8*20110414-20110430~
          ADX*999.99*53~
      ENT*5*2J*EI*XX999X9XXXXX999999~
        NM1*QE*1*XXXXX*XXXXX*J***N*AR201B3X~
        RMR*IK*999999999**328.07*0~
          DTM*582****RD8*20110415-20110430~
          ADX*328.07*53~
      ENT*6*2J*EI*XX99999XXXXX999999~
        NM1*QE*1*XXXXXX*XXXXXXX*E***N*XX99999X~
        RMR*IK*999999999**-999.99*0~
          DTM*582****RD8*20110411-20110430~
          ADX*-999.99*52~
      ENT*7*2J*EI*XX999X9XX9XX999999~
        NM1*QE*1*XXXXXX*XXXXXX*M***N*XX999X9X~
        RMR*IK*999999999**999.99*0~
          DTM*582****RD8*20110408-20110430~
          ADX*999.99*53~
      ENT*8*2J*EI*XX999X9XX9XX999999~
        NM1*QE*1*XXXXXXXX*XXXXX*D***N*BR201B2K~
        RMR*IK*999999999**999.99*0~
          DTM*582****RD8*20110414-20110430~
          ADX*999.99*53~
      ENT*9*2J*EI*XX999X9XXXXX999999~
        NM1*QE*1*XXXXXXXX*XXXXX*M***N*XX999X9X~
        RMR*IK*999999999**999.99*0~
          DTM*582****RD8*20110406-20110430~
          ADX*999.99*53~
      ENT*10*2J*EI*XX99999X99XX999999~
        NM1*QE*1*XXXXXXXX*XXXXXXXX*A***N*XX99999X~
        RMR*IK*999999999**-99.9*0~
          DTM*582****RD8*20110425-20110430~
          ADX*-99.9*52~
      ENT*11*2J*EI*XX999X9X 9XX999999~
        NM1*QE*1*XXXXXX*XXXXX*R***N*XX999X9X~
        RMR*IK*999999999**369.08*0~
          DTM*582****RD8*20110413-20110430~
          ADX*369.08*53~
      ENT*12*2J*EI*XX999X9XXXXX999999~
        NM1*QE*1*XXXXXXXXXX*XXXXX*G***N*CR201B1F~
        RMR*IK*999999999**328.07*0~
          DTM*582****RD8*20110415-20110430~
          ADX*328.07*53~
      ENT*13*2J*EI*XX999X9X 9XX999999~
        NM1*QE*1*XXXXXXXX*XXXXXXX*G***N*XX999X9X~
        RMR*IK*999999999**99.99*0~
          DTM*582****RD8*20101102-20101102~
          ADX*99.99*53~
      ENT*14*2J*EI*XX999X9X 9XX999999~
        NM1*QE*1*XXXXXXXX*XXXXXXX*A***N*XX999X9X~
        RMR*IK*999999999**999.99*0~
          DTM*582****RD8*20110414-20110430~
          ADX*999.99*53~
      ENT*15*2J*EI*XX999X9XX9XX999999~
        NM1*QE*1*XXXXXX*XXXXXXXX*A***N*XX999X9X~
        RMR*IK*999999999**-99.99*0~
          DTM*582****RD8*20110425-20110430~
          ADX*-99.99*52~
      ENT*16*2J*EI*XX999X9XXXXX999999~
        NM1*QE*1*XXXXXX*XXXXXXX*E***N*XX999X9X~
        RMR*IK*999999999**-99.99*0~
          DTM*582****RD8*20110411-20110430~
          ADX*-99.99*52~
      ENT*17*2J*EI*XX999X9X99XX999999~
        NM1*QE*1*XXXXXX*XXXXXX*E***N*JE101B2V~
        RMR*IK*999999999**99.99*0~
          DTM*582****RD8*20110315-20110327~
          ADX*99.99*53~
      ENT*18*2J*EI*XX999X9XXXXX999999~
        NM1*QE*1*XXXXXXX*XXXXXXXX*C***N*XX999X9X~
        RMR*IK*999999999**999.99*0~
          DTM*582****RD8*20110411-20110430~
          ADX*999.99*53~
      ENT*19*2J*EI*XX999X9XX9XX999999~
        NM1*QE*1*XXXXXX*XXXXXXX*M***N*XX999X9X~
        RMR*IK*999999999**99.99*0~
          DTM*582****RD8*20101101-20101130~
          ADX*99.99*53~
      ENT*20*2J*EI*XX999X9XX9XX999999~
        NM1*QE*1*XXXXXX*XXXXXXX*M***N*XX999X9X~
        RMR*IK*999999999**99.99*0~
          DTM*582****RD8*20101201-20101231~
          ADX*99.99*53~
      ENT*21*2J*EI*XX999X9XX9XX999999~
        NM1*QE*1*XXXXXX*XXXXXXX*M***N*XX999X9X~
        RMR*IK*999999999**99.99*0~
          DTM*582****RD8*20110101-20110131~
          ADX*99.99*53~
      ENT*22*2J*EI*XX999X9XX9XX999999~
        NM1*QE*1*XXXXXX*XXXXXXX*M***N*XX999X9X~
        RMR*IK*999999999**99.99*0~
          DTM*582****RD8*20110201-20110228~
          ADX*99.99*53~
      ENT*23*2J*EI*XX999X9XX9XX999999~
        NM1*QE*1*XXXXXX*XXXXXXX*M***N*XX999X9X~
        RMR*IK*999999999**99.99*0~
          DTM*582****RD8*20110301-20110331~
          ADX*99.99*53~
      ENT*24*2J*EI*XX999X9XX9XX999999~
        NM1*QE*1*XXXXXX*XXXXXXX*M***N*XX999X9X~
        RMR*IK*999999999**99.99*0~
          DTM*582****RD8*20110401-20110430~
          ADX*99.99*53~
      ENT*25*2J*EI*XX999X9XX9XX999999~
        NM1*QE*1*XXXXXXXX*XXXXX*M***N*XX999X9X~
        RMR*IK*999999999**999.99*0~
          DTM*582****RD8*20110412-20110430~
          ADX*999.99*53~
      ENT*26*2J*EI*XX999X9XX9XX999999~
        NM1*QE*1*XXXXXXXXX*XXXXXXX*J***N*RE201B3K~
        RMR*IK*999999999**999.99*0~
          DTM*582****RD8*20110411-20110430~
          ADX*999.99*53~
      ENT*27*2J*EI*XX999X9XX9XX999999~
        NM1*QE*1*ASH*AVA*I***N*XX999X9X~
        RMR*IK*999999999**-19.02*0~
          DTM*582****RD8*20110425-20110430~
          ADX*-19.02*52~
      ENT*28*2J*EI*XX999X9X 9XX999999~
        NM1*QE*1*XXXXXXXX*XXX XXXX*M***N*VL201B2W~
        RMR*IK*999999999**999.99*0~
          DTM*582****RD8*20110412-20110430~
          ADX*999.99*53~
      ENT*29*2J*EI*XX999X9XXXXX999999~
        NM1*QE*1*XXXXXX*XXXX*R***N*XX999X9X~
        RMR*IK*999999999**999.99*0~
          DTM*582****RD8*20110408-20110430~
          ADX*999.99*53~
    SE*153*22001~
  GE*1*22~
IEA*1*000000031~