ISA*00*          *00*          *01*006281815      *01*012551202      *051513*0805*U*00101*000000152*0*P*:\
  GS*RA*006281815*012551202*20050113*0805*116*X*001010\
    ST*820*0001203\
      BPR*C*66.55*C*ACH*CTX*01*051302352*DA*601813151*2131510520**01*051000051*DA*1234567890*20050413\
      TRN*1*5600516513\
      REF*AA*EDI6*0550065\
      N1*PR*VIJSHTA Business Incor\
      N1*PE*MURSADR\
      ENT*1\
        RMR*AP*3151551151025500*PO*36.25\
          REF*EM*3151551151\
          DTM*055*20021205\
      ENT*5\
        RMR*AP*3151535551301500**52.35*52.35*0\
          REF*EM*3151535551\
          DTM*055*20031205\
    SE*15*000001203\
  GE*1*116\
IEA*1*000000152\