ISA*00*          *00*          *01*123454321      *01*012341234      *031016*2359*U*00401*987600111*0*P*:\
  GS*RA*123454321*012341234*031016*2359*987600111*X*004010 \
    ST*820*987600111 \
      BPR*C*77.77*C*ACH*CTX*01*234056789*DA*0099109999*123454321*01*045678099*DA*1008973899*031016\
      TRN*1*0310162359 \
      REF*AA*EDI6 \
      N1*PR*WHIZCO OF AMERICA INC \
        N3*55 MEGAPLEASANT ROAD*SUITE 999 \
        N4*SUPERVILLE*NY*10954 \
      N1*PE*YOWZACO \
      ENT*1 \
        RMR*AP*1111111111111111*PO*11.11 \
        RMR*AP*2222222222222222*PO*22.22 \
        RMR*AP*4444444444444444*PO*44.44 \
          DTM*055*031016 \
    SE*14*987600111 \
  GE*1*987600111 \
IEA*1*987600111\